3327 5214
505 257 657 328 quod
685 254 948 313 tribuitur
985 270 1250 327 personae,
1274 254 1333 311 id
1357 262 1436 311 est
1459 256 1610 329 quod
1637 256 1838 328 cuique

507 335 586 393 ita
619 333 900 396 tribuitur,
938 344 995 391 ut
1024 334 1067 390 si
1097 332 1151 389 id
1179 332 1374 390 babeat
1389 332 1450 389 in
1479 334 1837 397 sese‚etiamsi

506 414 682 471 desint
707 430 791 469 τω
814 420 1013 469 caeterae
1029 420 1279 469 externas.
1297 410 1428 469 Haec
1445 428 1476 466 a
1506 420 1699 467 natura
1720 412 1837 468 cui-

504 510 614 566 que
637 492 842 549 tributa
870 500 995 547 sunt
1017 499 1275 563 quatuor:
1312 489 1449 554 vita,
1488 490 1836 548 incolumitas

503 572 770 645 corporis,
801 572 1049 633 libertas,
1089 568 1430 625 existimatio.
1470 569 1562 627 Est
1599 569 1828 641 quidem

507 650 855 707 incolumitas
891 648 1064 705 animi
1105 648 1164 704 in
1191 646 1472 718 praecipuis
1507 648 1669 705 rebus
1708 663 1825 719 per-

503 746 646 786 sonae
671 729 945 785 habenda:
969 727 1061 783 sed
1087 726 1202 783 baec
1227 724 1296 781 ad
1331 723 1701 781 defensionem
1738 726 1825 798 Ju-

507 808 584 865 ri‘s
621 825 728 864 non
770 808 1025 879 pertinet,
1064 806 1282 861 fortasse
1321 802 1467 868 ideo,
1493 804 1638 875 quod
1667 820 1827 861 nemo

507 886 580 943 ita
621 885 784 958 possit
807 884 1080 955 corrumpi
1095 924 1110 949 ,
1135 890 1194 939 ut
1219 898 1328 937 non
1353 882 1586 953 quisque
1621 898 1723 938 suo
1748 884 1829 939 vi-

502 966 584 1022 tio
603 1006 617 1031 ,
641 972 692 1020 et
719 979 750 1019 a
775 982 830 1023 se
855 963 1104 1019 videatur
1139 960 1413 1032 corrumpi
1443 960 1632 1033 potius,
1655 978 1827 1032 quam

505 1045 580 1101 ab
617 1044 743 1099 alio.
783 1043 862 1098 De
901 1042 1073 1097 libero
1117 1038 1370 1105 bomine,
1409 1038 1580 1111 etqui
1609 1040 1695 1097 sui
1734 1040 1823 1111 ju-

505 1124 583 1180 ris
606 1122 676 1180 sit
698 1120 1066 1195 loquor-Nam
1091 1119 1159 1174 de
1173 1116 1341 1174 servis
1363 1116 1632 1187 corruptis
1666 1118 1817 1173 aliud

505 1200 737 1275 placuit,
773 1214 1009 1271 quorum
1039 1197 1288 1268 exemplo
1313 1195 1402 1267 jus
1425 1197 1495 1251 ad
1523 1195 1828 1251 filiusfami-

507 1280 610 1337 lias
647 1276 1084 1349 interpretatione
1131 1275 1460 1347 prudentum
1499 1274 1825 1331 translatum

504 1362 608 1423 est,
630 1364 692 1413 ut
716 1358 776 1413 in
803 1356 1020 1413 damnis
1045 1369 1229 1409 rerum
1258 1364 1564 1411 nostrarum
1589 1367 1689 1407 suo
1704 1353 1822 1407 loco

505 1436 728 1493 dicetur.
765 1435 895 1491 Vita
933 1433 1070 1505 quid
1110 1430 1222 1497 sit‚·
1247 1438 1434 1489 notum
1473 1437 1570 1489 est.
1607 1429 1826 1486 Incolu-

503 1514 666 1571 mitas
703 1512 944 1585 corporis
979 1517 1084 1576 est,
1109 1526 1178 1566 ne
1200 1512 1551 1567 vulneremur
1577 1520 1671 1566 aut
1710 1509 1833 1580 pul-

505 1608 704 1649 semur.
747 1590 1041 1647 Libertatis
1077 1595 1188 1652 est,
1227 1588 1400 1645 facere
1427 1605 1550 1660 quae
1583 1588 1831 1644 velimus.

505 1670 572 1729 L.
609 1669 666 1725 t.
708 1668 772 1725 D.
809 1670 874 1725 de
923 1672 1042 1725 καί.
1091 1669 1287 1725 honen.
1339 1666 1681 1723 Existimatio
1730 1670 1831 1731 cst,

507 1746 726 1807 finitorc
765 1746 1100 1812 Callistrato,
1141 1744 1368 1802 illibatoe
1407 1744 1693 1816 dignitatis
1729 1750 1835 1801 sta-

503 1832 593 1883 tus
606 1825 820 1899 legibus
836 1867 851 1890 ,
873 1831 926 1881 et
953 1824 1200 1881 moribus
1224 1821 1616 1895 comprobatus.
1631 1823 1695 1880 L.
1700 1839 1826 1893 pen.

501 1904 570 1963 D.
607 1908 671 1963 dc
711 1905 984 1961 extrema.
1019 1906 1210 1975 coquit.
1248 1902 1440 1959 Vitam
1477 1902 1703 1974 quidem
1730 1918 1828 1957 na-

503 1988 627 2039 tura
654 1983 895 2039 bominis
930 1998 1039 2040 esse
1079 1980 1354 2055 propriam
1372 2020 1386 2045 ,
1427 1978 1588 2037 facile
1625 1986 1706 2037 est
1744 1981 1830 2036 in-

502 2061 776 2137 telligere,
813 2060 1019 2135 quippe
1071 2076 1240 2133 quam
1287 2058 1548 2115 omnibus
1585 2058 1830 2115 mortali-

501 2140 607 2197 bus
623 2140 858 2211 largitur
873 2140 1041 2203 Deus,
1067 2140 1232 2195 etiam
1265 2138 1358 2203 iis,
1381 2136 1482 2210 qui
1507 2144 1825 2195 ceterarum

501 2234 689 2277 rerum
717 2218 944 2275 omnino
967 2216 1111 2274 nihil
1139 2216 1426 2289 possident.
1445 2216 1606 2285 Quod
1631 2214 1677 2284 si
1692 2232 1845 2291 quas„

501 2314 588 2355 res
611 2296 943 2354 extrinsecus
968 2296 1038 2351 ad
1063 2297 1274 2353 cultum
1307 2296 1426 2351 vitae
1451 2293 1667 2351 bomini
1684 2295 1827 2364 leges

499 2377 780 2443 tribuunt,
805 2384 867 2432 ut
894 2374 1149 2431 tribuunt
1175 2373 1440 2431 infinitas:
1465 2378 1673 2445 quanto
1714 2389 1825 2429 ma-

499 2455 582 2527 gis
611 2455 764 2511 illam
789 2458 995 2527 oportet
1023 2468 1116 2525 per
1141 2452 1284 2525 leges
1311 2451 1558 2508 bominis
1579 2468 1829 2523 essem-o—

499 2534 678 2607 priam
696 2574 712 2597 ,
748 2532 866 2591 sine
903 2546 1013 2603 qna
1053 2538 1242 2589 caetera
1291 2528 1518 2586 omnino
1569 2546 1680 2585 non
1732 2529 1830 2585 ba-

501 2611 803 2669 berentur?
831 2611 935 2667 Sed
960 2617 1046 2673 et.
1069 2618 1130 2668 ut
1171 2611 1420 2668 homines
1457 2616 1584 2665 sunt
1619 2607 1829 2666 conditi

501 2709 534 2748 a
563 2692 703 2758 Deo,
731 2691 839 2746 vita
865 2691 980 2762 ipsa
1002 2691 1076 2748 sit
1099 2690 1312 2748 inutilis
1328 2729 1342 2754 ,
1367 2689 1454 2744 vel
1493 2687 1725 2754 acerba,
1744 2687 1829 2744 vel

499 2770 678 2843 potius
717 2785 788 2824 ne
825 2767 942 2828 vita.
973 2769 1197 2841 quidem
1237 2768 1334 2834 sit,
1371 2767 1418 2822 si
1444 2767 1534 2826 cui
1561 2766 1827 2824 baeccon-

497 2848 674 2919 tingat
697 2847 816 2905 sine
841 2847 1240 2911 incolumitate,
1263 2848 1380 2904 sine
1417 2845 1695 2908 libertate,
1734 2855 1829 2902 aut

495 2927 568 2985 sit
603 2928 766 2983 etiam
809 2941 936 2982 eum
974 2927 1230 2983 dedecore
1267 2925 1578 2997 conjuncta.
1602 2923 1715 2982 Ubi
1742 2925 1822 2978 al·

497 3012 675 3062 terum
717 3019 814 3077 pro
867 3003 1100 3062 libidine
1147 3005 1432 3062 laedentem
1446 3045 1461 3070 ,
1517 3011 1611 3060 aut
1653 3003 1823 3074 impe-

497 3091 710 3141 rantem
739 3082 848 3154 pati
875 3084 1114 3154 cogaris3
1151 3091 1244 3144 aut
1271 3083 1416 3140 inter
1456 3081 1706 3140 homines
1746 3081 1821 3140 ita

373 3160 382 3169 ‘
495 3179 702 3219 versere
718 3204 733 3229 ,
757 3168 818 3217 ut
841 3161 1102 3235 indignus
1143 3162 1430 3220 bominum
1471 3161 1819 3218 bonestorum

497 3242 761 3300 consortio
779 3283 794 3306 ,
831 3245 882 3296 et
907 3243 1024 3298 loco
1061 3242 1311 3300 habeare.
1335 3239 1733 3308 Quamobrem,
1758 3245 1819 3296 ut

499 3320 610 3376 vita
625 3360 640 3383 ,
663 3319 738 3376 sic
761 3319 868 3375 tria
893 3319 994 3380 illa
1019 3320 1234 3392 reliqua
1259 3337 1293 3378 a
1319 3319 1430 3376 Deo
1453 3321 1673 3382 sunt,et
1695 3319 1821 3390 iure

496 3398 746 3469 gentium
773 3397 974 3469 cuique
997 3399 1238 3468 tributa,
1255 3397 1604 3458 incolumitas
1619 3439 1636 3468 ,
1651 3399 1821 3457 liber·-

497 3483 578 3538 tas
593 3517 608 3546 ,
647 3475 994 3536 existimatio.

1327 145 1650 209 mJGoms
1690 148 2010 209 mNELu
2042 150 2419 209 mmmm.

3058 150 3147 215 Ἣ)

1997 255 2076 311 lv
2109 256 2241 313 Haec
2268 273 2399 313 vero
2422 256 2693 327 cuiusque
2712 272 2815 315 esse
2836 258 3039 315 maxime
3060 278 3153 333 pro-

1916 333 2057 405 pria,
2072 350 2138 390 ex
2156 334 2224 391 iis
2255 334 2471 407 legibus
2486 334 2793 406 intelligere
2802 352 3047 406 munus
3056 356 3153 409 que

1914 412 2011 469 bas
2026 428 2111 469 ros
2122 412 2313 478 adimi,
2330 418 2424 469 aut
2450 412 2643 471 violari
2660 418 2844 478 vet-uu
2859 429 2935 479 ac,
2954 416 2993 471 si
3008 424 3155 474 contra

1912 493 2113 549 factum
2142 494 2237 555 sit,
2266 506 2479 563 poenam
2492 530 2509 555 ,
2522 500 2575 547 et
2586 491 3157 564 iudiciumnstituunt

1905 569 2065 638 Quod
2104 572 2165 627 fit
2212 570 2271 625 in
2304 586 2637 641 unaquaque
2662 570 2851 629 barum
2872 587 3049 629 rerum.
3070 570 3159 629 Un-

1906 649 1973 705 de
2010 654 2063 705 et
2103 648 2343 705 remedia
2370 650 2437 705 ad
2466 648 2565 707 bas
2590 666 2677 706 ras
2710 650 2923 709 tuendas
2939 647 3045 721 iure
3066 666 3159 721 m-

1906 725 2022 783 dita
2074 730 2265 784 eadem
2304 744 2466 801 opera
2522 727 2900 800 intelligentur.
2942 727 3158 783 Aufertur

1906 806 2015 862 vita
2054 808 2225 869 carde,
2264 821 2466 863 veneno
2483 847 2496 870 ,
2538 805 2751 871 inedia,
2786 807 3162 863 incantamentis·

1906 892 1963 941 et
2002 884 2127 941 aliis
2166 885 2326 941 malis
2364 885 2592 943 artibus.
2644 886 2903 943 Adversus
2936 884 3035 941 hac
3065 894 3163 943 mut

1907 962 2177 1033 publicae,
2212 969 2267 1019 et
2304 980 2499 1021 severae
2538 980 2711 1037 poenae
2760 962 3033 1021 constitute
3062 964 3163 1033 legi-

1902 1041 2031 1101 bus,
2080 1042 2340 1113 Pompeia
2381 1043 2447 1099 de
2490 1042 2828 1114 parricidiis,
2864 1040 3086 1097 Cornelia
3114 1043 3166 1097 de

1900 1118 2141 1183 sicariis,
2178 1127 2231 1176 et
2272 1122 2568 1185 veneficiis,
2606 1126 2659 1177 ct
2706 1120 2964 1179 similibus
3010 1120 3165 1176 mosti-

1904 1196 2235 1264 tutionibus,
2274 1213 2397 1270 quae
2436 1200 2549 1256 suis
2571 1199 2749 1255 titulis
2772 1203 2941 1254 extant
2978 1196 3029 1252 in
3058 1196 3168 1253 Pan·

1906 1277 2069 1335 doctis
2106 1282 2161 1332 et
2200 1276 2411 1334 Codice.
2447 1277 2691 1335 Laeditur
2730 1277 3045 1333 incolumitas
3076 1290 3166 1329 cor-

1902 1354 2082 1427 poris,
2124 1354 2458 1426 pulsatione,
2494 1362 2551 1412 et
2576 1355 2908 1413 vulneribus.
2942 1352 3171 1411 Adversus

1903 1432 2021 1489 baec
2054 1433 2341 1489 constituta
2382 1434 2523 1491 actio
2562 1435 2743 1505 gravis
2790 1432 3091 1504 injuriarum
3130 1436 3170 1485 et

1908 1510 2121 1577 civilis,
2160 1518 2215 1567 et
2248 1512 2571 1570 criminalis.
2611 1514 2839 1571 Institut-
2876 1512 2935 1569 ds
2968 1510 3167 1580 injus-iu.

1906 1588 2184 1647 Minuitur
2209 1588 2264 1645 vi
2298 1590 2549 1658 libertas,
2586 1608 2715 1649 cum
2751 1591 3045 1665 prohibetur
3072 1583 3171 1658 quis

1906 1683 1971 1723 ea
2023 1668 2226 1733 facere,
2276 1683 2403 1739 quas
2438 1680 2569 1729 sunt
2618 1670 2763 1741 iuris
2810 1667 3035 1744 publici,
3074 1670 3171 1737 ΡΜ

1910 1748 2072 1803 rebus
2118 1747 2507 1806 communibus
2544 1749 2626 1809 uti
2659 1790 2675 1814 ,
2714 1755 2778 1807 ut
2814 1742 3173 1809 communibusz

1904 1824 2129 1896 privatis
2152 1831 2332 1882 autem
2348 1868 2365 1891 ,
2390 1831 2451 1883 ut
2474 1826 2605 1885 suis.
2630 1828 2899 1885 Adversus
2938 1826 3041 1883 brec
3072 1822 3173 1881 item

1903 1905 2193 1961 constituta
2232 1903 2373 1961 actio
2396 1904 2731 1978 injuriarum
2756 1913 2941 1979 prater
2962 1920 3062 1967 eas,
3080 1916 3176 1971 qun

1904 1988 2033 2039 sunt
2056 1985 2125 2040 de
2148 1983 2311 2039 rebus
2336 1985 2530 2042 nostris
2556 1981 2949 2057 persequendis.
2986 1982 3042 2037 1..
3061 1981 3173 2048 ιἰιῙο-

1904 2064 2149 2127 riarum,
2174 2063 2234 2135 S.
2258 2067 2305 2117 si
2330 2064 2452 2134 quis
2474 2080 2557 2121 ms
2576 2064 2881 2135 prohibeat,
2902 2062 2969 2118 D.
2988 2061 3045 2115 do
3064 2060 3177 2128 inju-

1904 2142 2033 2205 n‘is,
2072 2141 2137 2198 L.
2176 2141 2231 2197 2.
2270 2142 2331 2215 S.
2368 2145 2569 2213 ss'qut's
2604 2145 2667 2199 in
2704 2146 2878 2205 mari,
2914 2135 3180 2209 Dauus

1904 2220 2089 2277 iulos.
2120 2219 2273 2289 publ.
2324 2217 2386 2275 L.
2434 2224 2531 2291 qm·
2574 2223 2913 2292 maenum.
2952 2216 3003 2275 4.
3045 2214 3179 2272 1).oe

1902 2300 2094 2355 action.
2131 2305 2285 2367 empt.
2308 2296 2563 2356 Violatur
2588 2297 2915 2358 existimatio
2938 2292 3179 2357 conviciis·

1904 2376 2151 2447 probris,
2192 2375 2413 2434 famosis
2452 2374 2688 2443 libellis,
2740 2384 2796 2435 et
2834 2376 3085 2435 similibus
3128 2371 3183 2427 ra-

1904 2454 2019 2511 etis.
2036 2454 2143 2511 Hic
2168 2470 2389 2525 quoque
2402 2456 2675 2528 pl'aecipue
2702 2458 2891 2513 eadem
2916 2452 3045 2511 actio
3068 2448 3183 2519 iuiu-

1904 2533 2113 2589 riarum
2146 2533 2449 2599 constituta,
2468 2543 2529 2591 ut
2556 2535 2615 2591 in
2640 2536 2825 2593 tribus
2852 2524 3187 2607 posterioribus

1906 2613 2191 2669 maleficiis
2216 2611 2347 2670 insit
2370 2629 2429 2670 ea
2451 2656 2466 2677 ,
2488 2631 2659 2686 quarn
2690 2631 2803 2672 uno
2826 2607 3087 2672 communi
3110 2622 3185 2660 no-

1906 2691 2057 2747 mine
2092 2693 2361 2760 injuriam
2398 2694 2755 2765 appellamus.
2794 2693 2857 2752 13.
2898 2692 2947 2748 l.
2982 2690 3035 2762 S.
3072 2687 3115 2742 1.
3138 2683 3187 2739 D-

1900 2771 1968 2826 ds
2005 2772 2243 2840 injuriis.
2284 2769 2365 2826 De
2411 2786 2523 2842 quo
2570 2787 2773 2843 genere
2822 2772 3023 2827 dicetur
3072 2764 3189 2821 inter

1904 2847 2173 2904 maleficia
2210 2863 2307 2904 suo
2332 2849 2467 2905 loco.
2493 2849 2542 2906 N
2546 2867 2653 2908 unc
2678 2851 2915 2908 istorum
2936 2842 3191 2904 distinctio»

1898 2934 1952 2982 et
1988 2923 2329 2983 enumeratio
2368 2926 2715 2999 potissimum
2770 2945 2835 2986 eo
2888 2931 3075 2998 spectat
3090 2963 3103 2988 ,
3148 2923 3191 2974 Ι*

1898 3003 2176 3075 superiora
2228 3005 2329 3061 illa
2377 3006 2507 3076 jura
2556 3015 2801 3078 quatuor
2850 3021 2971 3062 vere
3008 2997 3191 3074 propria

1896 3083 2159 3154 cujusque
2174 3099 2284 3140 esse
2309 3083 2681 3154 intelligamus
2696 3105 2713 3140 τ
2737 3102 2865 3158 quae
2890 3083 3077 3140 violata
3104 3091 3191 3134 non

1898 3161 1973 3216 ob
1986 3161 2155 3220 aliam
2180 3179 2423 3220 caussam
2449 3163 2806 3224 vindicantur
2822 3161 3042 3232 legibus,
3052 3169 3191 3228 quam

1900 3239 2051 3310 quod
2072 3240 2326 3312 adempta
2364 3245 2495 3298 sunt
2530 3257 2621 3306 ea,
2658 3259 2787 3316 qum
2814 3239 3045 3298 maximo
3064 3239 3195 3292 erant

1894 3319 2178 3391 cujusque.
2196 3317 2283 3380 lln
2326 3318 2531 3390 quibus
2577 3320 2625 3376 si
2665 3321 2817 3380 nihil
2860 3315 3195 3376 detraheretur

1900 3395 2083 3454 alteri:
2108 3395 2266 3454 nulla
2288 3403 2419 3454 esset
2440 3396 2677 3470 injuria,
2702 3415 2867 3474 poena
2894 3395 3061 3456 nulla.
3080 3391 3197 3449 sunt

1900 3481 2082 3534 antem
2122 3475 2235 3534 lmc
2276 3476 2335 3534 in
2362 3491 2611 3550 persona.
