3327 5214
225 103 308 173 101

215 225 328 272 nota
369 211 493 270 effici
501 218 594 268 unt
640 211 696 266 id
745 213 858 286 ius,
907 212 1055 284 quod
1092 216 1330 268 strictum
1368 227 1460 282 ap-

211 295 432 367 pellatur.
477 291 602 348 idest
637 289 692 344 id
712 331 728 354 ,
764 291 910 362 quod
974 289 1116 347 nihil
1157 291 1322 346 habet
1364 305 1464 346 au-

207 372 334 429 ctoris
365 377 540 441 praeter
575 370 758 432 verba.
798 377 860 424 ut
896 368 966 426 sit
1001 367 1239 424 maxime
1275 375 1466 425 contra

208 452 294 522 ejus
310 447 600 505 sententiam
613 455 666 502 et
683 448 1034 504 voluntatem.
1049 445 1312 503 Strictum
1329 447 1466 509 ideo,

204 527 304 600 quia
339 526 416 582 bic
453 533 676 582 mentem
716 533 770 581 et
807 523 1127 582 sententiam
1177 524 1466 594 adstringi-

205 622 298 662 mus
329 603 514 668 verbis,
535 619 656 660 cum
692 605 858 660 verba
883 603 1149 660 voluntati
1176 610 1232 658 et
1253 611 1466 660 senten-

201 683 268 740 tiae
297 682 468 738 servire
503 683 764 748 debeant.
803 690 986 755 utpote
1021 682 1091 738 ad
1133 683 1276 737 banc
1299 680 1464 750 signi·-

199 761 422 816 licandam
473 759 684 818 inventa
712 779 728 825 ;
765 777 936 832 eoque
974 768 1028 818 et
1065 759 1262 818 servire
1299 759 1468 830 aequi-

199 839 302 904 tati‚
331 855 482 912 quam
520 839 716 894 servari
755 848 832 894 es!
859 857 922 894 ex
949 847 1130 895 mente
1155 836 1303 906 legis.
1335 838 1464 894 llaec

194 918 406 974 sententia
443 925 494 972 et
517 919 702 988 regula
731 917 1186 988 interpretationis
1210 916 1462 972 innume-

195 993 252 1050 ris
281 994 514 1066 exemplis
561 997 977 1067 comprobatur,
1016 1011 1138 1066 quae
1177 995 1374 1066 passim
1426 1012 1457 1050 a

192 1073 404 1144 diligente
425 1075 618 1128 lectore
659 1074 834 1130 notari
871 1081 1108 1146 possunt.
1143 1073 1230 1128 Ex
1279 1073 1468 1128 multis

192 1169 332 1223 pauca
353 1151 628 1208 sufficient.
643 1151 874 1208 Cautum
901 1159 979 1208 est
1005 1151 1464 1207 senatusconsulto

190 1232 242 1288 de
273 1230 500 1300 petitione
537 1229 852 1286 hereditatis
887 1230 1033 1286 inter
1071 1229 1206 1285 alias
1253 1230 1465 1284 clausu-

189 1309 274 1372 las,
304 1323 630 1380 possessorem
672 1309 986 1366 hereditatis
1034 1316 1150 1379 post
1193 1305 1464 1378 judicium

188 1395 418 1457 acceptum
455 1387 734 1443 roetituere
773 1387 968 1444 debere
991 1386 1202 1451 omnia,
1225 1401 1348 1456 quae
1375 1385 1468 1439 de·-

186 1465 282 1522 liuit
303 1471 452 1528 tunc,
473 1481 600 1522 cum
623 1465 898 1538 judicium
935 1465 1292 1536 acciperetur,
1334 1478 1468 1533 qua-

183 1543 218 1599 si
263 1552 307 1598 et
365 1558 504 1599 nunc
559 1541 868 1614 possideret.
929 1544 990 1600 L.
1059 1545 1150 1600 sed
1203 1546 1300 1598 etsi
1331 1583 1346 1606 ‚
1401 1543 1460 1608 ,⁶5-

184 1623 293 1694 quod
328 1627 427 1684 ait,
464 1629 514 1678 et
551 1623 614 1688 S.
655 1624 702 1678 si
744 1632 897 1687 am,
943 1623 1012 1678 D.
1053 1623 1118 1680 de
1151 1619 1460 1690 waher-ed.

187 1700 283 1756 ttaee
315 1701 462 1757 verba
515 1700 680 1755 etiam
734 1700 890 1758 bonae
937 1698 1065 1756 fidei
1117 1715 1456 1770 mssttssorem

185 1785 270 1848 pust
303 1777 439 1834 litem
476 1786 830 1834 contestatam
871 1778 1168 1834 continent.
1191 1779 1244 1833 d.
1287 1779 1340 1834 L.
1369 1779 1461 1848 sed

183 1860 254 1912 eui
276 1897 289 1920 ,
321 1858 372 1928 S.
405 1861 454 1914 si
489 1863 614 1912 ante
635 1899 648 1918 ‚
685 1859 748 1913 de
779 1865 889 1926 pet.
929 1855 1045 1912 her.
1075 1856 1230 1912 Unde
1258 1856 1458 1922 evenit,

183 1943 228 1990 ut
253 1935 293 1991 si
331 1935 450 1991 heic
487 1943 606 2007 post
647 1935 797 1992 litem
822 1943 1172 1994 contestatam
1195 1937 1458 2006 jumenta.

181 2020 252 2068 aut
281 2029 450 2085 pecora
499 2031 632 2070 casu
685 2012 1044 2084 deperierint,
1095 2012 1457 2068 nibilominus

183 2097 394 2148 teneamr.
430 2093 534 2149 Sed
565 2092 673 2148 hoc
701 2101 859 2162 negat
884 2091 1288 2148 admittendum
1317 2093 1458 2146 Pau-

183 2169 264 2233 lus.
293 2171 525 2242 quamvis
563 2171 819 2226 adversus
855 2171 1050 2234 verba,
1087 2167 1146 2225 in
1193 2169 1250 2226 L.
1299 2167 1455 2224 illud.

181 2247 232 2303 D.
263 2251 320 2304 de
345 2257 444 2318 pet.
485 2251 603 2304 her.
645 2265 754 2304 non
795 2249 904 2304 alia
943 2248 1010 2302 de
1048 2263 1260 2312 caussa,
1283 2263 1452 2318 quam

180 2326 276 2396 quia
309 2327 520 2394 durum,
549 2327 688 2383 idest
705 2367 720 2390 ‚
744 2335 805 2382 ut
831 2336 1004 2398 postea
1043 2325 1458 2400 interpretatur,

181 2403 408 2475 injustum.
437 2407 549 2462 Nec
578 2411 741 2468 enim,
763 2405 984 2477 inquit,
999 2407 1146 2460 debet
1159 2420 1457 2473 possessor,

181 2493 250 2538 m
278 2487 638 2540 enormitatem
670 2492 926 2553 ,ῃτωεεανο
943 2523 958 2546 ,
996 2491 1093 2538 aiut
1113 2490 1330 2553 propter
1355 2499 1462 2538 me·-

68 2583 70 2609 ι
179 2567 260 2616 tien
293 2562 441 2633 liujus
472 2563 708 2634 periculi
760 2569 948 2623 tancre
995 2563 1325 2637 indefensum
1362 2564 1462 2634 ,ius

68 2682 70 2695 .
179 2655 294 2695 m
326 2640 634 2713 relinquere.
682 2641 820 2697 Item
855 2640 945 2711 jus
981 2641 1058 2697 ita
1099 2652 1203 2704 est,
1241 2640 1284 2695 si
1335 2647 1454 2713 post

179 2732 342 2775 moram
373 2719 638 2776 debitoris
673 2736 759 2775 res
796 2719 978 2776 debita
1018 2719 1264 2791 perierit.
1287 2718 1456 2776 teneri

180 2796 484 2853 nihilominus
507 2796 814 2853 debitorem
840 2813 950 2853 non
977 2797 1138 2854 aliter
1154 2840 1167 2856 .
1205 2812 1374 2868 quam
1411 2795 1458 2853 si

177 2876 412 2931 resadbuc
435 2881 661 2931 extaret.
693 2876 747 2932 L.
771 2879 822 2931 si
861 2892 932 2933 επ
971 2878 1138 2945 Ieyati
1155 2917 1169 2940 ‚
1197 2878 1256 2932 L.
1281 2892 1460 2937 nemo,

68 2990 70 3003 ·
177 2950 219 3023 S.
239 2956 278 3009 1.
300 2954 359 3009 D.
381 2952 442 3010 de
467 2955 618 3009 verb.
642 2954 744 3009 obl.
771 2954 854 3009 Ex
895 2955 995 3011 hoc
1017 2954 1166 3027 jure.
1188 2954 1235 3011 si
1257 2953 1314 3009 in
1344 2969 1459 3010 ver-

176 3029 236 3087 h'ss
264 3032 588 3089 consistimus
607 3072 622 3095 ,
671 3033 844 3089 teneri
895 3032 1192 3089 debitorem
1246 3048 1452 3089 neccsse

175 3118 250 3173 ss,
269 3112 352 3167 etsi
376 3110 443 3175 is,
469 3125 625 3167 mora
662 3110 800 3167 facta
818 3152 832 3175 ‚
857 3128 972 3167 rem
999 3121 1175 3183 postea
1199 3109 1454 3167 creditori

68 3196 70 3203 ‘
175 3188 360 3254 obtulit,
395 3198 478 3253 et,
517 3205 652 3245 cum
706 3187 801 3245 ille
833 3188 950 3247 sine
983 3206 1166 3247 caussa
1209 3188 1450 3259 accipere

175 3275 402 3325 roemoeet
417 3306 432 3331 ‚
484 3284 569 3324 res
609 3276 786 3339 postea
821 3267 998 3340 periit.
1037 3269 1260 3338 Semper
1299 3267 1450 3322 enim

175 3358 316 3402 vuum
361 3356 460 3402 est:
513 3362 632 3403 rem
669 3356 787 3417 post
834 3364 1044 3403 moram
1084 3346 1340 3402 debitoris
1363 3361 1452 3416 pe-

175 3420 297 3479 riise.
331 3425 496 3497 Negas
507 3426 554 3481 it
606 3425 804 3489 Celsus,
829 3426 929 3481 hoc
955 3442 1082 3481 casu
1107 3440 1234 3481 eum
1261 3424 1450 3489 teneri,

175 3514 264 3569 qur
294 3511 338 3559 et
359 3504 622 3561 sententia
659 3512 868 3575 recepta
908 3512 1016 3567 est,
1051 3502 1180 3576 quia
1203 3503 1318 3573 ius,
1355 3518 1448 3559 seu

68 3572 70 3597 ἶ
176 3580 298 3635 verba
305 3582 436 3653 juris
447 3583 552 3639 hoc
575 3596 706 3639 casu
719 3582 941 3639 retineri
959 3600 1065 3639 non
1081 3588 1212 3639 esset
1226 3597 1447 3653 {equum

180 3654 222 3708 Ι-
247 3662 284 3714 si
315 3678 518 3725 serem,
556 3662 616 3735 S.
673 3665 938 3732 sequitur,
979 3662 1047 3717 D.
1081 3662 1145 3717 de
1178 3660 1322 3717 verb.
1347 3660 1447 3715 obl.

68 3762 70 3769 ·
177 3730 268 3789 {tue
287 3737 460 3794 referri
483 3740 687 3795 debent
709 3738 838 3797 illa:
863 3742 966 3797 Jus
989 3740 1296 3809 simpliciter
1321 3742 1448 3794 scri-

173 3818 284 3877 1⁴¹¹st
315 3826 410 3873 est:
444 3820 535 3872 sed
575 3834 646 3873 ex
683 3834 878 3875 caussa
915 3817 1326 3873 moderandum:
1376 3831 1447 3873 ex

179 3902 332 3959 mana
345 3936 358 3958 ‚
382 3904 432 3951 et
451 3898 646 3952 idonea
683 3912 875 3952 caussa
915 3897 1068 3951 aliied
1105 3896 1442 3951 servandum.

180 3964 221 4020 I-
238 3977 470 4041 qumvis,
497 3975 566 4031 D.
591 3977 655 4031 de
683 3978 740 4031 in
769 3976 870 4047 jus
891 3992 1002 4031 voc.
1039 3974 1099 4031 L.
1127 3971 1180 4031 4.
1207 3975 1265 4047 §-
1293 3973 1347 4029 3.
1374 3972 1444 4028 D.

185 4153 330 4229 Hremt.
352 4157 477 4211 Act.
505 4162 555 4225 4.
581 4156 674 4213 Sc.
699 4162 751 4211 5.
775 4182 978 4215 summa
1001 4179 1161 4215 crux.
1178 4160 1434 4212 Columel.

187 4218 264 4293 lib.
297 4238 336 4272 ι.
371 4229 465 4278 Rei
502 4242 640 4278 rust.
673 4228 903 4278 Oldend.
939 4228 1006 4278 de
1031 4230 1154 4278 Jur-
1178 4241 1228 4277 ει
1253 4232 1438 4295 aeqru't.

188 4282 264 4332 Tit.
307 4289 351 4350 4.
399 4288 644 4342 Bifarinm
668 4329 686 4352 ,
733 4291 914 4359 inquit
933 4329 948 4352 ,
999 4291 1266 4357 accipitur
1299 4310 1443 4343 sum-

189 4356 402 4423 Qjocs:
441 4354 498 4405 1⁰
530 4358 780 4423 proprie,
817 4358 990 4425 regula
1011 4394 1026 4416 ,
1061 4363 1114 4407 et
1153 4358 1314 4407 thesis
1362 4358 1444 4423 ju-

192 4422 239 4458 m
267 4432 360 4467 rem
407 4422 720 4487 simpliciter
765 4423 881 4473 sine
924 4421 1444 4472 circumstantiarum

195 4482 544 4554 ‘uuida-atione
555 4486 832 4550 definiens,
845 4505 926 4538 ex.
943 4504 1022 4550 gr.
1040 4502 1445 4558 servapucwm.

194 4528 240 4587 2²
263 4558 324 4621 {tc
352 4548 710 4621 falsissimum,
743 4569 856 4603 esse
888 4553 944 4601 in
953 4554 1138 4619 jurium
1165 4570 1179 4613 ;
1214 4552 1304 4599 sed
1337 4552 1446 4601 imo

195 4610 250 4675 ‘’⁸-
268 4614 516 4671 munima
535 4617 674 4667 ratio
697 4616 953 4667 naturalis
969 4655 989 4679 ,
1011 4619 1096 4667 vel
1123 4617 1320 4666 civilis.
1349 4616 1442 4666 Er-

257 4678 324 4723 lur
350 4687 512 4731 autem
547 4682 741 4748 injuria
775 4682 1092 4734 calumniosa
1115 4681 1441 4745 detorsione,

905 101 1006 166 m:
1041 101 1226 166 mne
1263 82 1488 164 cnm
1528 103 1661 164 un.
1702 101 1743 162 ι.
1784 99 1936 165 ω».
1975 100 2129 166 xm.
2230 100 2238 113 ·

2770 103 2885 162 102

1533 214 1596 266 de
1641 227 1697 267 re
1732 212 1857 277 jud.
1902 207 1954 266 1,.
1972 227 2096 282 peu.
2124 211 2191 266 D.
2214 213 2277 266 de
2304 226 2395 272 eo,
2446 209 2589 280 quod
2618 217 2739 264 cert.
2780 209 2875 263 loe.

1533 291 1721 362 juncta
1758 287 1812 344 L.
1848 305 2068 354 usuros,
2097 289 2156 344 C.
2180 290 2243 344 de
2268 291 2424 344 solut.

1627 367 1754 422 Xll.
1781 367 1906 424 Jam
1931 367 2226 429 videamus,
2249 383 2375 430 eur,
2404 381 2531 422 cum
2560 366 2724 420 verba
2750 365 2883 434 legis

1541 445 1865 517 generaliter
1892 445 2027 516 quid
2064 451 2333 508 statuant,
2368 442 2746 516 permittamus
2788 461 2883 506 no:

1547 525 1628 582 bis
1654 539 1753 594 per
1778 540 2019 580 caussam
2052 523 2321 595 inquitatis
2346 540 2377 579 a
2407 521 2582 578 verbis
2608 523 2875 594 recedere,

1541 617 1667 660 cum
1694 603 1767 657 ita
1791 601 1881 672 jus
1916 603 2011 662 sit.
2047 617 2235 658 omncs
2272 601 2377 672 legi
2417 609 2470 656 et
2503 598 2619 671 juri
2658 600 2879 670 publico

1543 681 1600 736 in
1641 680 1853 738 civitate
1892 682 2263 750 obtemperare
2289 681 2501 736 debere.
2528 679 2590 734 L.
2616 679 2675 734 2:
2702 680 2772 736 D.
2811 681 2877 734 de

1542 759 1698 826 lenio.
1726 760 1849 815 Jam
1878 759 2024 824 dixi,
2048 759 2305 830 acquitate
2326 774 2424 814 nos
2448 757 2529 812 uti
2565 757 2635 811 ad
2676 765 2879 828 tempe-

1542 839 1773 894 randam
1802 839 2002 908 legem.
2038 839 2169 908 quia
2208 847 2286 894 est
2324 855 2391 894 ex
2416 836 2681 892 sententia
2716 837 2871 907 legis.

1537 918 1605 972 Et
1634 917 1735 972 hoc
1762 917 1835 972 ita
1861 916 2120 987 scriptum
2146 923 2223 971 est
2264 916 2323 972 in
2369 916 2428 970 L.
2453 915 2731 983 benignius
2748 957 2763 981 ‚
2806 917 2877 972 D.

1537 996 1606 1051 de
1632 993 1795 1066 legib.
1824 997 2125 1064 Beniqnius
2142 1035 2155 1059 ‚
2184 994 2368 1065 inquit
2394 985 2768 1062 salsusssteqes
2793 998 2877 1048 in-

1543 1075 1892 1142 imprecanda
1916 1079 2071 1136 sunt,
2096 1085 2201 1144 quo
2240 1075 2487 1128 voluntas
2526 1085 2715 1127 earum
2755 1091 2878 1127 con-

1540 1159 1793 1208 servetur.
1821 1153 1915 1208 Est
1940 1150 2109 1220 igitur
2144 1153 2391 1207 voluntas
2418 1151 2573 1220 legis,
2600 1161 2662 1206 ut
2688 1147 2763 1206 ita
2794 1152 2876 1206 iu-

1541 1239 1915 1300 terpretemur.
1963 1228 2084 1295 Quo
2124 1231 2216 1289 fit.
2258 1239 2317 1286 ut
2357 1229 2427 1284 ita
2469 1230 2873 1299 interpretando

1543 1323 1652 1363 non
1682 1309 1843 1364 modo
1868 1308 2011 1364 nihil
2040 1307 2301 1364 faciamus
2334 1315 2523 1365 contra
2550 1307 2721 1376 legem
2738 1347 2751 1370 ,
2778 1312 2873 1364 sed

1543 1386 1783 1442 maxime
1819 1387 1995 1456 legem
2034 1386 2449 1448 confirmemus.
2491 1384 2623 1455 quia
2665 1386 2751 1440 lex
2794 1395 2872 1442 est

1547 1465 1633 1529 id,
1661 1465 1811 1536 quod
1842 1466 1927 1519 lex
1972 1463 2159 1519 voluit.
2187 1465 2246 1520 L.
2274 1481 2379 1518 mm
2420 1464 2667 1526 dubium,
2711 1463 2767 1516 (7.
2806 1467 2873 1521 de

1539 1545 1721 1612 Leqib.
1747 1544 2017 1599 Voluntas
2040 1541 2154 1598 haec
2178 1559 2243 1597 ex
2272 1543 2380 1598 fine
2402 1541 2543 1614 juris
2580 1541 2871 1609 colligitur.

1542 1623 1574 1677 J
1585 1639 1648 1678 us
1663 1629 1741 1678 est
1769 1635 1856 1677 ars
1879 1621 2021 1692 aequi
2048 1628 2100 1676 et
2126 1619 2275 1683 boui,
2300 1629 2377 1676 est
2404 1638 2491 1678 ars
2516 1620 2585 1674 ad
2609 1619 2869 1689 justitiam

1537 1701 1731 1756 serens.
1758 1699 1821 1754 L.
1852 1701 1898 1756 1.
1926 1701 1993 1756 D.
2018 1702 2081 1756 de
2098 1701 2235 1768 just.
2260 1708 2309 1756 et
2326 1701 2444 1768 jur.
2482 1697 2629 1752 Hinc
2672 1697 2873 1756 intelli—

1535 1781 1742 1849 gimus‚
1768 1795 1989 1834 omnem
2026 1777 2382 1848 legislatorem
2420 1788 2515 1833 aut
2552 1777 2653 1832 hoc
2694 1778 2871 1848 ipsum

1534 1873 1755 1929 aequum
1795 1865 1848 1914 et
1878 1858 2087 1929 justum
2126 1855 2231 1912 sibi
2268 1855 2595 1927 propositum
2640 1853 2869 1912 habero:

1535 1947 1652 2001 aut,
1669 1937 1797 1992 side
1822 1938 1984 1992 rebus
2008 1934 2237 1991 utilibus
2259 1933 2646 1990 constituendis
2668 1933 2866 2002 agitur,

1535 2023 1717 2071 tamen
1745 2014 2007 2070 hactenus
2025 2013 2113 2084 jus
2136 2013 2489 2068 constitutum
2518 2011 2771 2082 probare,
2802 2031 2869 2068 ne

1535 2101 1721 2150 contra
1747 2109 1965 2164 aequum
1979 2101 2033 2148 ct
2050 2092 2253 2148 bonum
2272 2091 2331 2148 in
2345 2090 2685 2162 quibusdam
2717 2108 2871 2146 caus-

1532 2170 1602 2226 sis
1637 2169 1947 2241 recipiatur.

1609 2249 1767 2304 xm.
1808 2249 1913 2306 Sed
1954 2257 2121 2305 totam
2164 2247 2309 2304 hanc
2360 2247 2865 2320 interpretationem

1533 2327 1801 2400 equitatis
1824 2328 1883 2383 in
1910 2329 2121 2400 legibus
2144 2337 2197 2384 ct
2216 2325 2337 2398 jure
2361 2327 2581 2399 publico
2617 2328 2867 2398 repudia-

1537 2421 1594 2461 re
1621 2405 1855 2463 videtur.
1883 2407 1943 2463 L.
1975 2407 2023 2461 1.
2050 2407 2108 2462 C.
2133 2407 2197 2462 de
2224 2408 2383 2476 legib.
2410 2407 2479 2462 Et
2504 2407 2623 2462 ideo
2653 2405 2869 2461 antino-

1535 2483 1646 2540 mia
1672 2492 1749 2542 est
1776 2493 1925 2541 vetus
1949 2494 2003 2541 et
2027 2483 2267 2542 difficilis
2288 2485 2429 2542 inter
2454 2501 2533 2548 ea,
2558 2500 2680 2556 quae
2703 2501 2864 2555 supra

1541 2561 1785 2619 diximus
1818 2564 1887 2621 de
1920 2561 2187 2635 {equitatis
2223 2563 2689 2636 interpretatione,
2724 2572 2778 2621 ct
2810 2566 2864 2618 cl.

1535 2641 1596 2696 L.
1629 2642 1679 2699 1.
1705 2643 1763 2699 C.
1786 2642 1849 2699 dc
1875 2643 2032 2713 legib.
2055 2642 2146 2699 sed
2184 2644 2451 2715 praecipue
2492 2642 2634 2699 inter
2661 2645 2721 2700 L.
2742 2644 2867 2713 plc-

1533 2723 1669 2785 cuit,
1694 2720 1753 2777 C.
1776 2724 1977 2792 dejud.
2000 2730 2055 2777 et
2078 2736 2199 2777 eam
2228 2723 2289 2777 L.
2321 2723 2369 2778 1.
2394 2723 2535 2777 Nam
2564 2722 2621 2776 in
2664 2722 2719 2777 L.
2734 2722 2863 2791 pla-

1533 2800 1673 2863 cuit,
1700 2798 1813 2855 haec
1837 2802 2001 2856 verba
2027 2806 2185 2864 sunt,
2210 2815 2333 2870 quse
2359 2817 2519 2871 supra
2547 2799 2862 2855 retulimus:

1537 2876 1755 2933 Placuit
1770 2920 1783 2943 ,
1826 2884 1887 2935 in
1925 2878 2164 2945 omnibus
2202 2878 2357 2935 rebus
2392 2882 2719 2948 praecipuam
2758 2896 2863 2933 esse

1521 2958 1757 3025 justitias
1775 2998 1789 3021 ,
1840 2961 2209 3029 aequitatisque
2226 2996 2241 3019 ,
2289 2972 2453 3027 quam
2502 2958 2671 3012 stricti
2713 2958 2863 3024 juris

1529 3036 1810 3091 rationem.
1837 3036 2035 3091 Contra
2061 3034 2121 3089 in
2166 3036 2222 3090 L.
2268 3034 2317 3089 1.
2358 3035 2416 3091 C.
2440 3036 2505 3089 de
2546 3034 2704 3103 leyib.
2748 3033 2862 3089 haec.

1533 3112 1727 3167 verba:
1750 3110 1901 3171 inter
1924 3116 2223 3185 equitatem
2242 3153 2259 3177 ‚
2269 3114 2469 3183 jusque
2496 3115 2863 3180 interpositam

1527 3192 2013 3263 immi-stationem
2036 3190 2185 3247 nobis
2210 3192 2337 3247 solis
2361 3196 2412 3245 et
2438 3197 2637 3257 oportet
2654 3230 2667 3253 ,
2708 3198 2757 3245 et
2795 3192 2862 3247 1.·-

1524 3264 1885 3339 attaminare,
1898 3269 2032 3325 idest
2047 3267 2357 3339 imperatori
2385 3266 2485 3323 soli
2515 3268 2613 3339 (de
2638 3285 2693 3323 se
2708 3268 2855 3323 enim

1527 3344 1913 3403 Constantinus
1949 3345 2259 3419 loquitur),
2300 3362 2413 3402 non
2458 3346 2680 3416 privatis
2720 3348 2861 3418 jnris

1527 3422 1931 3497 interpretibus.
1946 3425 2028 3481 Ne
2055 3425 2144 3481 hic
2169 3422 2242 3499 (4)
2268 3440 2393 3480 cum
2421 3425 2583 3493 vulgo
2598 3427 2861 3497 interpre-

1531 3508 1652 3557 tum
1692 3502 2019 3568 dixerimus..
2060 3502 2119 3559 in
2178 3504 2231 3559 L.
2260 3504 2507 3573 placuit:
2535 3506 2857 3574 legendum.

1517 3584 1849 3651 precipuum
1874 3598 1981 3639 esse
2004 3584 2267 3653 oequiauis
2290 3584 2493 3651 scripta·
2509 3622 2524 3643 .
2547 3597 2709 3653 qua-m
2736 3587 2857 3637 stri-

1522 3662 1594 3715 cti
1612 3661 1762 3730 juris
1785 3664 2075 3726 rollonem,
2116 3668 2171 3717 ut
2208 3662 2278 3717 sit
2315 3660 2427 3715 haec
2468 3660 2771 3716 distinctio:
2798 3662 2853 3716 Si
2953 3724 2957 3727 ,
3006 3672 3013 3681 ·

1525 3736 1751 3808 aequitas
1774 3738 1966 3810 scripta
1992 3740 2085 3805 sit,
2114 3740 2255 3795 hanc
2294 3737 2469 3809 potius
2492 3740 2855 3810 sequendam:

1523 3814 1566 3871 si
1611 3832 1723 3872 non
1763 3814 1857 3878 sit.
1897 3834 2013 3873 rem
2056 3834 2165 3873 non
2208 3834 2317 3873 esse
2352 3814 2492 3889 j..ris
2530 3817 2725 3879 nostri,
2763 3819 2853 3873 sed

1523 3894 1757 3965 principi
1787 3896 2238 3965 permittendam,
2275 3895 2372 3965 qui
2419 3910 2532 3951 rem
2574 3895 2855 3965 expediat.

1523 3974 1699 4045 deque
1726 3990 1789 4030 ea
1815 3975 1961 4045 quod
1976 3974 2265 4038 videbitur,
2288 3979 2515 4029 statuat:
2540 3972 2714 4043 sitque
2744 3973 2857 4028 hoec

1513 4170 1573 4211 ut
1605 4161 1649 4211 si
1676 4168 1829 4227 pacto
1862 4160 2200 4212 contineatur
2222 4176 2307 4209 res
2330 4157 2523 4225 turpis.
2547 4157 2627 4209 2.⁰
2652 4158 2853 4225 lmpro—

1517 4226 1634 4293 prie
1656 4265 1675 4288 ,
1708 4228 1849 4293 quod
1874 4228 2115 4293 praedura
2140 4225 2591 4289 interpretatione
2619 4226 2853 4275 trahitur

1519 4293 1586 4341 ad
1622 4293 1820 4357 species
1856 4290 2324 4342 inconvenientes:
2359 4290 2444 4338 vel
2477 4290 2615 4354 quod
2642 4290 2853 4356 colligi-

1525 4364 1612 4406 tur
1647 4361 1705 4405 in
1734 4358 1973 4409 fraudem
2000 4354 2152 4421 legis.
2180 4360 2239 4407 L.
2269 4356 2491 4405 incivile
2510 4392 2529 4416 ,
2552 4354 2639 4418 24,
2664 4369 2714 4405 et
2738 4376 2851 4427 seq.

1524 4422 1593 4473 de
1629 4424 1739 4473 LL.
1774 4422 1847 4473 Et
1869 4421 1945 4469 sic
1971 4428 2113 4471 recte
2148 4418 2349 4469 dicitur
2372 4436 2575 4471 summa
2609 4422 2847 4489 injur-iu.

1587 4487 1665 4553 (4)
1701 4486 1827 4537 DD.
1852 4488 2013 4549 vulgo
2047 4490 2105 4536 in
2140 4484 2201 4536 d.
2240 4489 2300 4536 L.
2332 4484 2385 4534 8.
2424 4490 2477 4531 et
2510 4482 2658 4533 Raev.
2684 4486 2762 4537 ad
2785 4491 2849 4538 L.

1521 4566 1588 4616 90
1621 4552 1691 4603 de
1726 4555 1790 4605 B.
1826 4556 1871 4605 Ι.
1907 4550 2215 4616 intelligens
2263 4548 2322 4599 in
2368 4548 2427 4599 d.
2468 4552 2528 4599 L.
2562 4550 2615 4599 8.
2646 4566 2741 4615 pet·
2775 4573 2849 4603 α·-

1519 4622 1783 4686 quitatem
1830 4616 2001 4667 edicta
2046 4612 2303 4666 Praetoris
2350 4620 2523 4665 motus
2566 4617 2636 4669 ἰ.
2690 4631 2730 4665 ι.
2776 4617 2847 4668 de

1515 4688 1715 4750 pactis.
