3327 5214
774 0 891 147 ξ
1038 0 1091 54 *2
1325 0 2121 106 .,.,..,.’·
2251 44 2274 70 .

807 143 823 166 ,
1437 131 1470 161 a
2011 111 2071 168 κ..’
2136 106 2147 120 ’
2884 125 2892 132 ·

1180 207 1188 212 .
1273 202 1292 216 ..
1418 189 1424 194 ·
1578 179 1600 202 ⁴
1990 185 1998 194 ·
2106 203 2133 221 0
2935 176 3035 230 VH

680 227 692 236 ·
822 222 864 247 υ.
1181 218 1213 266 ·'»
1345 241 1351 246 .
1415 232 1422 239 ·
1999 245 2081 274 νὴ

321 268 680 381 efficere}
701 293 790 352 ut
823 276 1026 352 imno
1063 241 1386 379 adipisci
1403 330 1426 368 ,
1459 293 1547 352 et*
1571 301 1865 350 servare
1891 285 2279 376 possimus.
2318 275 2519 352 Nam
2536 332 2569 369 ,.
2596 292 2765 352 cum
2800 285 3038 350 omnis

325 385 560 452 alteri
598 402 816 450 suum
855 379 1242 452 tribuendi
1278 371 1496 450 ratio‘
1514 371 1715 458 in‘eo,
1732 386 1985 474 posita
2019 385 2158 469 sit,
2180 394 2268 451 ut
2303 369 2677 466 narizan-5⁴,
2712 381 2899 476 quid
2930 386 3034 452 sit

325 479 850 566 tribuendum,
881 495 958 550 et
993 483 1381 575 cognitum
1429 475 1758 551 tribuere
1792 472 2575 578 velimus:'utrumqne
2611 479 2874 551 horum
2896 481 3035 578 jus

325 575 500 650 bene
549 584 1052 651 constitutum
1090 593 1444 677 praestat
1467 576 1711 666 ,duna
1743 593 1819 650 et
1854 576 2057 649 illud
2090 585 2407 666 statuit,
2443 578 2631 678 quid
2664 583 2765 652 sit
2812 602 3029 652 suum

325 681 726 778 cujusque,
761 692 838 750 et
869 682 1100 750 simul
1151 683 1518 750 rationem
1565 676 1899 774 ostendit
1933 692 2165 776 atque
2200 677 2598 770 confirmat
2647 681 2811 778 ejus
2842 675 3031 750 obti-

321 777 598 848 nendi:
633 784 794 856 sine
829 775 1100 874 quibus
1123 777 1323 849 nihil
1344 793 1494 864 est,
1515 773 1987 876 quodfacile
2019 791 2161 848 aut
2188 793 2659 875 praestemus
2686 781 2832 876 ipsi
2848 829 2869 865 ‚
2891 794 3031 852 aut

319 872 412 946 ab
443 881 628 948 aliis
661 892 1164 976 expectemus.
1192 874 1403 973 Ergo
1425 899 1572 947 non
1593 882 1757 948 sine
1795 899 2061 963 caussa
2098 882 2179 948 in
2234 876 2567 949 omnibus
2602 875 2779 950 bene
2838 902 3029 949 com-

313 980 582 1072 positis
619 981 994 1072 imperiis,
1029 982 1325 1072 regnis,
1349 974 1779 1049 civitatibus
1804 983 2059 1074 prima
2094 998 2379 1074 semper
2414 973 2786 1076 curafitit
2823 980 3028 1050 inter
3119 1035 3137 1054 .

321 1077 510 1148 cives
539 1128 560 1163 ,
614 1092 704 1148 ut
759 1074 1171 1171 diligenter
1195 1077 1334 1177 jus
1385 1081 1981 1148 constitueretur
1995 1103 2025 1165 ;
2060 1099 2398 1176 quaeque
2450 1082 2769 1174 imp‘erIa
2803 1093 2878 1153 et
2918 1104 3060 1152 re-.

309 1173 700 1344 zublicae
736 1179 1446 1272 praestantissimae
1478 1193 1554 1249 et
1565 1174 2168 1272 florentissimae
2178 1174 2520 1275 suerunt
2544 1230 2566 1265 ,
2600 1201 2889 1274 semper
2942 1183 3039 1266 in,

379 1279 436 1344 's
505 1275 610 1346 “us
657 1280 992 1364 cultum,
1039 1292 1458 1365 servatum,
1509 1275 1801 1348 dictum
1836 1293 1949 1348 est
2000 1300 2229 1376 quam
2277 1275 2903 1372 diligentissime,
2942 1283 3023 1368 in

310 1375 409 1444 iis
469 1397 730 1474 emque
769 1375 974 1472 juris
1035 1371 1214 1448 bene
1278 1380 1669 1450 constituti
1721 1399 1999 1474 magno
2063 1398 2351 1472 semper
2406 1381 2486 1470 in
2517 1373 3031 1476 bonore-juin

305 1479 692 1568 cognitio,
743 1496 909 1548 cum
963 1480 1499 1572 sapientissimi
1549 1479 1878 1572 quique,
1928 1490 2001 1546 et
2044 1472 2433 1570 principes
2481 1477 2843 1562 viri-cum
2896 1477 3022 1548 do-

306 1578 576 1644 ctrina
593 1589 801 1661 ‚tum
845 1597 990 1647 usu
1047 1579 1466 1657 multarum
1517 1591 1592 1646 et
1643 1599 2095 1669 magnarum
2148 1598 2403 1645 rerum
2454 1571 2659 1646 docti
2712 1580 2826 1666 ita
2864 1592 3021 1648 sta·

301 1687 660 1760 tuerent,
715 1677 878 1744 sine
918 1675 1272 1774 justitia,
1331 1699 1420 1745 ac
1466 1673 1783 1772 proinde
1839 1678 2004 1746 sine
2060 1669 2348 1769 legibus
2402 1689 2477 1749 et
2504 1673 2967 1770 ·jure,certo
2998 1703 3022 1763 ,¹

298 1772 850 1870 rempublicam
871 1788 1079 1846 stare
1103 1797 1244 1844 non
1263 1795 1498 1872 posse.
1527 1771 1734 1866 Quid
1757 1771 1924 1844 dico
1948 1788 2203 1846 autem
2238 1771 2772 1870 rempublicam
2788 1775 2823 1844 i
2849 1766 3018 1844 ciem

293 1895 448 1944 nec
468 1879 714 1970 possit
727 1872 1055 1971 familia
1076 1925 1101 1961 ,
1137 1888 1275 1947 aut
1313 1878 1689 1945 convictus
1723 1875 1927 1945 ullus
1962 1871 2341 1946 hominum
2378 1878 2586 1944 inter
2618 1895 2719 1943 se.
2760 1873 3015 1948 Testis

295 1987 420 2045 est
472 1971 742 2045 Cicero
754 2024 779 2060 ,
825 1974 1044 2072 cujus
1093 1973 1187 2046 de
1219 1977 1404 2075 jure
1451 1971 1783 2044 Romano
1833 1971 2048 2046 verba
2103 1969 2291 2046 haec
2342 1978 2637 2045 suntin
2682 1974 2912 2045 Libro
2952 1991 3023 2045 2·'

299 2069 394 2142 de
433 2069 773 2173 Officiis:
835 2071 1098 2170 Itaque
1153 2096 1326 2146 cum
1385 2071 1618 2144 multa
1681 2069 2053 2171 praeclare
2106 2074 2508 2170 majorum,
2565 2085 2723 2144 tum
2784 2068 3009 2173 qham

297 2173 590 2268 optime
623 2173 1008 2244 constituti
1033 2173 1211 2271 juris
1245 2197 1535 2244 summo
1558 2196 1845 2269 semper
1870 2176 1949 2246 in
1982 2171 2257 2242 honore
2278 2169 2426 2243 fuit
2452 2173 2771 2268 cognitio
2791 2189 3013 2270 atque

296 2271 858 2369 interpretatio,
893 2297 1115 2369 quam
1149 2271 1450 2371 quidem
1488 2285 1662 2344 aute
1700 2272 1891 2344 hanc
1926 2269 2431 2344 confusionem
2471 2284 2895 2369 temporum
2932 2275 3011 2345 in

293 2372 749 2467 possessione
772 2397 898 2442 sua
929 2395 1013 2444 ve
1024 2386 1210 2444 teres
1243 2373 1739 2444 retinuerunt.
1765 2369 1915 2444 Sed
1934 2395 2039 2444 ex
2058 2367 2395 2442 omnibus
2410 2423 2433 2459 ,
2453 2393 2648 2468 quae
2669 2397 3007 2471 unquam

293 2471 458 2541 ullo
505 2476 590 2542 in
631 2477 918 2569 populo
967 2477 1378 2544 constituta
1434 2485 1650 2560 sunt,
1705 2476 2000 2544 nullum
2041 2473 2181 2571 jus
2236 2493 2475 2567 neque
2527 2475 3009 2570 praeclarius

295 2575 795 2643 constitutum
829 2587 982 2660 est,
1015 2595 1242 2670 quam
1268 2575 1529 2670 populi
1583 2571 1936 2661 Romani,
1972 2593 2211 2669 neque
2258 2569 2729 2667 diligentius.
2765 2570 2971 2645 Nam
2992 2626 3011 2658 ,

293 2690 464 2741 cum
501 2670 822 2747 Romani
855 2671 940 2744 id
971 2672 1112 2745 sibi
1149 2677 1442 2745 omnino
1465 2678 2071 2770 proposuissent,
2104 2694 2332 2771 quam
2369 2676 2669 2766 optimis
2720 2672 3010 2768 legibus

293 2784 368 2840 et
387 2771 577 2869 jure
609 2768 970 2869 fundare
1023 2788 1178 2843 rem
1229 2770 1598 2847 ublicam:
1645 2776 1891 2869 primo
1944 2794 2089 2844 non
2142 2793 2277 2841 suo
2308 2768 2611 2872 judicio
2646 2769 2859 2873 freti
2894 2797 3008 2844 eu

291 2886 737 2943 statuerunt
761 2922 786 2959 ,
833 2894 1030 2968 quae
1064 2798 1537 2945 uidlgrentur:
1574 2869 1741 2957 sed,
1778 2874 2217 2970 conquisitis
2253 2868 2666 2965 diligenter
2700 2887 3010 2945 extera-

293 2992 464 3041 rum
511 2976 956 3060 civitatum,
1004 2994 1200 3069 vquae
1261 2984 1421 3041 tum
1477 2966 1949 3043 habebantur
2016 2974 2666 3067 sapientissimae,
2717 2970 3009 3065 legibus

298 3083 368 3139 et
423 3074 810 3145 institutis
837 3122 860 3157 ,
892 3085 981 3142 ut
1015 3068 1630 3157 Atheniensium,
1680 3084 1758 3143 et
1810 3068 2568 3143 Lacedaemoniorum
2600 3122 2623 3160 ,
2670 3092 2758 3142 ea
2810 3071 3011 3142 dele-

293 3184 610 3261 gerunt,
663 3193 858 3268 quae
894 3168 1344 3243 videbantur
1379 3177 1700 3267 optima,
1734 3192 1969 3267 eaque
2003 3174 2301 3241 sancita
2340 3170 2629 3265 legibus
2667 3176 2749 3241 in
2786 3190 3005 3241 suam

292 3268 830 3364 rempublicam
867 3272 1458 3343 transtulerunt.
1495 3266 1629 3339 Ex
1661 3292 1807 3369 quo
1858 3268 2253 3342 duodecim
2311 3265 2669 3343 Tabulae.
2706 3268 2827 3343 De
2860 3290 3009 3369 quo

289 3372 662 3465 scriptum
695 3384 812 3441 est
847 3372 929 3438 in
961 3370 1042 3441 L.
1069 3394 1130 3443 2.
1155 3369 1248 3441 de
1287 3370 1462 3465 orig.
1501 3370 1638 3468 jur.
1672 3368 2011 3457 Deinde,
2042 3384 2129 3440 ut
2167 3374 2249 3441 in
2286 3374 2755 3467 amplissima
2792 3394 3009 3467 repu·
3044 3422 3058 3431 -
3112 3372 3129 3389 ⁵

287 3463 526 3557 blica,
557 3484 638 3547 et
669 3473 752 3541 in
805 3470 1116 3566 imperio
1165 3474 1396 3547 totius
1433 3466 1631 3542 orbis
1657 3472 2046 3569 principe,
2096 3468 2644 3566 multiplicibus
2693 3484 2770 3543 et
2820 3470 3009 3544 «issi-

287 3566 460 3641 duis
499 3591 758 3645 rerum
807 3573 1298 3667 exemplisin
1330 3582 1889 3668 omnespartes
1940 3567 2506 3645 incurrentibus
2533 3623 2552 3656 ,
2578 3566 2838 3667 facile
2866 3567 3010 3669 fa-

287 3681 496 3739 ctum
543 3683 698 3758 est,
747 3684 836 3741 ut
889 3668 1226 3743 viderent
1279 3672 1423 3767 ipsi
1464 3692 1608 3767 per
1657 3691 1774 3759 se,
1822 3691 2018 3769 quae
2079 3683 2326 3744 essent
2378 3666 2877 3747 stabiliendae
2930 3683 3015 3743 et.

286 3772 562 3864 optime
612 3770 1026 3865 regendae,
1073 3786 1304 3871 atque
1355 3768 2019 3843 administrandae
2052 3764 2527 3866 reipublicae.
2570 3760 3035 3852 conversim-⁴·

284 3872 604 3941 tissima.
660 3864 976 3961 Quibusv
1011 3867 1230 3942 rebus
1281 3866 1717 3941 statuendis
1768 3873 2094 3960 assecuti
2144 3866 2551 3956 videntur,
2600 3882 2691 3939 ut
2727 3866 3007 3937 tandiu
3097 3910 3112 3928 ·
3228 3878 3240 3893 ‘

281 3974 590 4042 steterit
655 3984 732 4041 et
775 3968 1152 4067 floruerit
1219 3969 1665 4065 respublica.
1726 3967 1992 4042 Cicero
2050 3966 2353 4068 quidem
2406 3966 2499 4039 de
2532 3965 3009 4068 jure,.quod

281 4072 524 4165 ipsius
569 4082 826 4143 aetate
876 4074 1260 4149 sancitum
1309 4084 1518 4155 erat,
1552 4068 1781 4139 Lib-ro
1834 4068 1901 4141 3.
1952 4066 2044 4139 de
2078 4064 2361 4139 Officiis
2383 4070 2499 4140 ita
2534 4064 3007 4141 scribta-Sed
3184 4152 3198 4168 .

283 4194 408 4239 nos
441 4167 602 4239 veri
631 4168 848 4265 juris,
873 4192 1412 4267 germanaeque
1437 4169 1768 4269 justitiae
1793 4166 2108 4239 solidam
2136 4182 2210 4239 et
2246 4163 3007 4263 expressam-effigiem

281 4268 570 4341 nullam
591 4281 960 4343 tenemus:
1019 4267 1282 4343 umbra
1320 4282 1394 4339 et
1421 4267 1873 4363 imaginibus
1912 4270 2219 4339 utimur.
2254 4264 2405 4343 Sed
2436 4264 2637 4337 idem
2670 4264 3007 4365 subjicit,

275 4386 536 4467 optare
588 4390 708 4459 se,
757 4384 847 4441 ut
899 4392 1027 4443 eas
1073 4374 1284 4467 ipsas
1333 4372 1709 4465 imagines
1757 4390 2264 4469 sequeremur.
2316 4366 2699 4437 Feruntur
2748 4365 2952 4437 euim
2970 4417 3003 4461 ,

273 4475 562 4570 inquit,
613 4492 706 4541 ex
759 4470 1064 4569 optimis
1111 4482 1428 4543 naturae
1477 4483 1551 4541 et
1607 4470 1908 4575 virtutis
1960 4466 2341 4565 exemplis.
2388 4462 2561 4558 Qua
2610 4462 2881 4555 laude,
2910 4479 3005 4537 ut
3046 4480 3053 4487 ’

273 4586 452 4643 sunt
471 4592 599 4644 res
623 4568 1035 4657 humanae,
1053 4568 1265 4645 haud
1287 4574 1468 4655 scio,
1494 4594 1594 4643 an
1621 4570 1783 4640 ulla
1810 4568 2050 4667 major
2072 4572 2315 4667 possit
2341 4570 2685 4662 reperiri;
2709 4562 3005 4637 Deinde

271 4688 560 4765 quanta
585 4686 771 4767 post
818 4666 1208 4745 Ciceronis
1259 4685 1596 4747 tempora
1630 4666 1737 4741 ad
1768 4666 2195 4743 Justininni
2234 4680 2557 4739 aetatem
2590 4660 2831 4763 facta
2886 4667 3004 4766 est
