<?xml version="1.0" encoding="UTF-8"?>
<!DOCTYPE html PUBLIC "-//W3C//DTD XHTML 1.0 Transitional//EN"
    "http://www.w3.org/TR/xhtml1/DTD/xhtml1-transitional.dtd">
<html xmlns="http://www.w3.org/1999/xhtml" xml:lang="en" lang="en">
 <head>
  <title>
</title>
<meta http-equiv="Content-Type" content="text/html;charset=utf-8" />
  <meta name='ocr-system' content='tesseract 3.04.00' />
  <meta name='ocr-capabilities' content='ocr_page ocr_carea ocr_par ocr_line ocrx_word'/>
</head>
<body>
  <div class='ocr_page' id='page_1' title='image "./hugonisdonellio00riccgoog_0094.png"; bbox 0 0 3327 5214; ppageno 0'>
   <div class='ocr_carea' id='block_1_1' title="bbox 912 1 949 24">
    <p class='ocr_par' dir='ltr' id='par_1_1' title="bbox 912 1 949 24">
     <span class='ocr_line' id='line_1_1' title="bbox 912 1 949 24; baseline 0 0"><span class='ocrx_word' id='word_1_1' title='bbox 912 1 949 24; x_wconf 58' lang='grc' dir='ltr'>Ε</span> 
     </span>
    </p>
   </div>
   <div class='ocr_carea' id='block_1_2' title="bbox 179 197 270 262">
    <p class='ocr_par' dir='ltr' id='par_1_2' title="bbox 179 197 270 262">
     <span class='ocr_line' id='line_1_2' title="bbox 179 197 270 262; baseline -0.022 0"><span class='ocrx_word' id='word_1_2' title='bbox 179 197 270 262; x_wconf 68' lang='lat' dir='ltr'><strong>tte</strong></span> 
     </span>
    </p>
   </div>
   <div class='ocr_carea' id='block_1_3' title="bbox 40 299 1415 1541">
    <p class='ocr_par' dir='ltr' id='par_1_3' title="bbox 153 299 1412 1156">
     <span class='ocr_line' id='line_1_3' title="bbox 173 299 1406 376; baseline -0.003 -14"><span class='ocrx_word' id='word_1_3' title='bbox 173 320 283 376; x_wconf 66' lang='lat' dir='ltr'><strong>ona,</strong></span> <span class='ocrx_word' id='word_1_4' title='bbox 302 303 350 358; x_wconf 84' lang='lat' dir='ltr'><strong>C.</strong></span> <span class='ocrx_word' id='word_1_5' title='bbox 369 299 433 356; x_wconf 85' lang='lat' dir='ltr'><strong>de</strong></span> <span class='ocrx_word' id='word_1_6' title='bbox 451 299 598 370; x_wconf 71' lang='lat' dir='ltr'><strong>legib.</strong></span> <span class='ocrx_word' id='word_1_7' title='bbox 619 299 804 369; x_wconf 63' lang='lat' dir='ltr'><strong>Dry-na</strong></span> <span class='ocrx_word' id='word_1_8' title='bbox 825 313 931 356; x_wconf 72' lang='lat' dir='ltr'><strong>eoa·</strong></span> <span class='ocrx_word' id='word_1_9' title='bbox 945 342 960 366; x_wconf 82' lang='lat'>‚</span> <span class='ocrx_word' id='word_1_10' title='bbox 986 301 1140 372; x_wconf 75' lang='lat' dir='ltr'><strong>aiunt</strong></span> <span class='ocrx_word' id='word_1_11' title='bbox 1173 301 1406 374; x_wconf 76' lang='lat' dir='ltr'><strong>tmpera-</strong></span> 
     </span>
     <span class='ocr_line' id='line_1_4' title="bbox 173 377 1406 450; baseline -0.005 -10"><span class='ocrx_word' id='word_1_12' title='bbox 173 392 298 446; x_wconf 75' lang='lat' dir='ltr'><strong>tures.</strong></span> <span class='ocrx_word' id='word_1_13' title='bbox 317 383 561 449; x_wconf 75' lang='lat' dir='ltr'><strong>majestate</strong></span> <span class='ocrx_word' id='word_1_14' title='bbox 582 383 868 446; x_wconf 63' lang='lat' dir='ltr'><strong>refluentis,</strong></span> <span class='ocrx_word' id='word_1_15' title='bbox 893 377 1096 450; x_wconf 56' lang='lat' dir='ltr'><strong>lenibus</strong></span> <span class='ocrx_word' id='word_1_16' title='bbox 1119 380 1406 450; x_wconf 75' lang='lat' dir='ltr'><strong>alliqatum</strong></span> 
     </span>
     <span class='ocr_line' id='line_1_5' title="bbox 168 455 1408 528; baseline -0.004 -9"><span class='ocrx_word' id='word_1_17' title='bbox 168 480 208 519; x_wconf 72' lang='grc' dir='ltr'><strong><em>ω</em></strong></span> <span class='ocrx_word' id='word_1_18' title='bbox 239 461 500 528; x_wconf 69' lang='lat' dir='ltr'><strong>primipa-</strong></span> <span class='ocrx_word' id='word_1_19' title='bbox 525 457 765 528; x_wconf 69' lang='lat' dir='ltr'><strong>profitm·</strong></span> <span class='ocrx_word' id='word_1_20' title='bbox 777 475 798 510; x_wconf 89' lang='lat'><em>:</em></span> <span class='ocrx_word' id='word_1_21' title='bbox 838 457 968 514; x_wconf 80' lang='lat' dir='ltr'><strong>adeo</strong></span> <span class='ocrx_word' id='word_1_22' title='bbox 1005 455 1072 514; x_wconf 76' lang='lat' dir='ltr'><strong>de</strong></span> <span class='ocrx_word' id='word_1_23' title='bbox 1103 461 1408 514; x_wconf 75' lang='lat' dir='ltr'><strong>anctoritate</strong></span> 
     </span>
     <span class='ocr_line' id='line_1_6' title="bbox 163 535 1412 612; baseline -0.006 -16"><span class='ocrx_word' id='word_1_24' title='bbox 163 543 274 612; x_wconf 70' lang='lat' dir='ltr'><strong>juris</strong></span> <span class='ocrx_word' id='word_1_25' title='bbox 291 543 454 594; x_wconf 72' lang='lat' dir='ltr'><strong>nostra</strong></span> <span class='ocrx_word' id='word_1_26' title='bbox 463 537 646 606; x_wconf 76' lang='lat' dir='ltr'><strong>pendet</strong></span> <span class='ocrx_word' id='word_1_27' title='bbox 673 539 974 594; x_wconf 71' lang='lat' dir='ltr'><strong>auctoritas.</strong></span> <span class='ocrx_word' id='word_1_28' title='bbox 1001 535 1078 592; x_wconf 82' lang='lat' dir='ltr'><strong>Et</strong></span> <span class='ocrx_word' id='word_1_29' title='bbox 1101 551 1284 592; x_wconf 77' lang='lat' dir='ltr'><strong>revera</strong></span> <span class='ocrx_word' id='word_1_30' title='bbox 1301 551 1412 590; x_wconf 81' lang='lat' dir='ltr'><strong>ma—</strong></span> 
     </span>
     <span class='ocr_line' id='line_1_7' title="bbox 160 613 1412 688; baseline -0.009 -13"><span class='ocrx_word' id='word_1_31' title='bbox 160 620 235 688; x_wconf 71' lang='lat' dir='ltr'><strong>jus</strong></span> <span class='ocrx_word' id='word_1_32' title='bbox 252 619 440 683; x_wconf 53' lang='lat' dir='ltr'><strong>imperio</strong></span> <span class='ocrx_word' id='word_1_33' title='bbox 461 621 532 668; x_wconf 75' lang='lat' dir='ltr'><strong>est</strong></span> <span class='ocrx_word' id='word_1_34' title='bbox 545 654 558 674; x_wconf 87' lang='lat'><strong>.</strong></span> <span class='ocrx_word' id='word_1_35' title='bbox 578 618 894 670; x_wconf 70' lang='lat' dir='ltr'><strong>nemmittere</strong></span> <span class='ocrx_word' id='word_1_36' title='bbox 919 613 1122 682; x_wconf 66' lang='lat' dir='ltr'><strong>lembus</strong></span> <span class='ocrx_word' id='word_1_37' title='bbox 1137 617 1412 686; x_wconf 74' lang='lat' dir='ltr'><strong>principa-</strong></span> 
     </span>
     <span class='ocr_line' id='line_1_8' title="bbox 165 687 1412 764; baseline -0.003 -14"><span class='ocrx_word' id='word_1_38' title='bbox 165 703 260 750; x_wconf 66' lang='lat' dir='ltr'><strong>tu.</strong></span> <span class='ocrx_word' id='word_1_39' title='bbox 281 695 348 750; x_wconf 73' lang='lat' dir='ltr'><strong>Bt</strong></span> <span class='ocrx_word' id='word_1_40' title='bbox 363 695 563 749; x_wconf 60' lang='lat' dir='ltr'><strong>orando</strong></span> <span class='ocrx_word' id='word_1_41' title='bbox 575 696 850 763; x_wconf 71' lang='lat' dir='ltr'><strong>proesentis</strong></span> <span class='ocrx_word' id='word_1_42' title='bbox 887 691 1072 758; x_wconf 76' lang='lat' dir='ltr'><strong>edicti,</strong></span> <span class='ocrx_word' id='word_1_43' title='bbox 1094 689 1236 764; x_wconf 83' lang='lat' dir='ltr'><strong>quod</strong></span> <span class='ocrx_word' id='word_1_44' title='bbox 1265 687 1412 746; x_wconf 66' lang='lat' dir='ltr'><strong>nohis</strong></span> 
     </span>
     <span class='ocr_line' id='line_1_9' title="bbox 162 769 1412 842; baseline -0.002 -14"><span class='ocrx_word' id='word_1_45' title='bbox 162 775 280 828; x_wconf 59' lang='lat' dir='ltr'><strong>libere</strong></span> <span class='ocrx_word' id='word_1_46' title='bbox 299 789 386 826; x_wconf 75' lang='lat' dir='ltr'><strong>nvn</strong></span> <span class='ocrx_word' id='word_1_47' title='bbox 403 771 630 840; x_wconf 71' lang='lat' dir='ltr'><strong>patimur</strong></span> <span class='ocrx_word' id='word_1_48' title='bbox 643 809 660 830; x_wconf 85' lang='lat'><strong>.</strong></span> <span class='ocrx_word' id='word_1_49' title='bbox 683 769 992 822; x_wconf 66' lang='lat' dir='ltr'><strong>indicamus.</strong></span> <span class='ocrx_word' id='word_1_50' title='bbox 1008 770 1164 832; x_wconf 84' lang='lat' dir='ltr'><strong>Quod</strong></span> <span class='ocrx_word' id='word_1_51' title='bbox 1179 769 1222 826; x_wconf 85' lang='lat' dir='ltr'><strong>si</strong></span> <span class='ocrx_word' id='word_1_52' title='bbox 1250 769 1412 842; x_wconf 81' lang='lat' dir='ltr'><strong>quid-</strong></span> 
     </span>
     <span class='ocr_line' id='line_1_10' title="bbox 161 843 1411 922; baseline -0.005 -16"><span class='ocrx_word' id='word_1_53' title='bbox 161 851 263 922; x_wconf 82' lang='lat' dir='ltr'><strong>quid</strong></span> <span class='ocrx_word' id='word_1_54' title='bbox 285 848 500 921; x_wconf 87' lang='lat' dir='ltr'><strong>Principi</strong></span> <span class='ocrx_word' id='word_1_55' title='bbox 539 843 744 920; x_wconf 82' lang='lat' dir='ltr'><strong>placuit</strong></span> <span class='ocrx_word' id='word_1_56' title='bbox 782 847 866 902; x_wconf 87' lang='lat' dir='ltr'><strong>lex</strong></span> <span class='ocrx_word' id='word_1_57' title='bbox 921 850 1024 902; x_wconf 86' lang='lat' dir='ltr'><strong>est:</strong></span> <span class='ocrx_word' id='word_1_58' title='bbox 1069 847 1130 902; x_wconf 91' lang='lat' dir='ltr'><strong>L.</strong></span> <span class='ocrx_word' id='word_1_59' title='bbox 1161 843 1209 900; x_wconf 88' lang='lat'><strong><em>1.</em></strong></span> <span class='ocrx_word' id='word_1_60' title='bbox 1250 847 1310 900; x_wconf 82' lang='lat' dir='ltr'><strong><em>D.</em></strong></span> <span class='ocrx_word' id='word_1_61' title='bbox 1348 851 1411 900; x_wconf 82' lang='lat' dir='ltr'><strong>de</strong></span> 
     </span>
     <span class='ocr_line' id='line_1_11' title="bbox 157 923 1411 995; baseline -0.006 -11"><span class='ocrx_word' id='word_1_62' title='bbox 157 936 280 984; x_wconf 64' lang='lat' dir='ltr'><strong>oon-st.</strong></span> <span class='ocrx_word' id='word_1_63' title='bbox 293 931 448 995; x_wconf 75' lang='lat' dir='ltr'><strong>ym&#39;nc.</strong></span> <span class='ocrx_word' id='word_1_64' title='bbox 474 925 634 981; x_wconf 87' lang='lat' dir='ltr'><strong>etiam</strong></span> <span class='ocrx_word' id='word_1_65' title='bbox 665 923 778 982; x_wconf 75' lang='lat' dir='ltr'><strong>haec</strong></span> <span class='ocrx_word' id='word_1_66' title='bbox 805 923 1050 980; x_wconf 73' lang='lat' dir='ltr'><strong>voluntas</strong></span> <span class='ocrx_word' id='word_1_67' title='bbox 1076 924 1161 980; x_wconf 83' lang='lat' dir='ltr'><strong>lex</strong></span> <span class='ocrx_word' id='word_1_68' title='bbox 1188 923 1308 978; x_wconf 88' lang='lat' dir='ltr'><strong>erit.</strong></span> <span class='ocrx_word' id='word_1_69' title='bbox 1339 923 1411 978; x_wconf 83' lang='lat' dir='ltr'><strong>Et</strong></span> 
     </span>
     <span class='ocr_line' id='line_1_12' title="bbox 153 999 1412 1078; baseline -0.003 -16"><span class='ocrx_word' id='word_1_70' title='bbox 153 1006 362 1078; x_wconf 73' lang='lat' dir='ltr'><strong>quoniam</strong></span> <span class='ocrx_word' id='word_1_71' title='bbox 397 1005 656 1077; x_wconf 68' lang='lat' dir='ltr'><strong>principes</strong></span> <span class='ocrx_word' id='word_1_72' title='bbox 685 1003 744 1058; x_wconf 91' lang='lat' dir='ltr'><strong>in</strong></span> <span class='ocrx_word' id='word_1_73' title='bbox 767 1019 822 1058; x_wconf 88' lang='lat' dir='ltr'><strong>se</strong></span> <span class='ocrx_word' id='word_1_74' title='bbox 849 1001 950 1058; x_wconf 84' lang='lat' dir='ltr'><strong>hoc</strong></span> <span class='ocrx_word' id='word_1_75' title='bbox 990 1003 1207 1058; x_wconf 86' lang='lat' dir='ltr'><strong>volunt:</strong></span> <span class='ocrx_word' id='word_1_76' title='bbox 1247 999 1412 1059; x_wconf 83' lang='lat' dir='ltr'><strong>etiam</strong></span> 
     </span>
     <span class='ocr_line' id='line_1_13' title="bbox 153 1083 742 1156; baseline -0.008 -18"><span class='ocrx_word' id='word_1_77' title='bbox 153 1083 230 1156; x_wconf 77' lang='lat' dir='ltr'><strong>ipsi</strong></span> <span class='ocrx_word' id='word_1_78' title='bbox 263 1084 312 1140; x_wconf 90' lang='lat' dir='ltr'><strong>in</strong></span> <span class='ocrx_word' id='word_1_79' title='bbox 333 1100 434 1140; x_wconf 84' lang='lat' dir='ltr'><strong>sese</strong></span> <span class='ocrx_word' id='word_1_80' title='bbox 456 1089 612 1138; x_wconf 89' lang='lat' dir='ltr'><strong>erunt</strong></span> <span class='ocrx_word' id='word_1_81' title='bbox 634 1085 742 1138; x_wconf 73' lang='lat' dir='ltr'><strong>lex.</strong></span> 
     </span>
    </p>

    <p class='ocr_par' dir='ltr' id='par_1_4' title="bbox 40 1154 1415 1541">
     <span class='ocr_line' id='line_1_14' title="bbox 207 1154 1415 1232; baseline -0.002 -16"><span class='ocrx_word' id='word_1_82' title='bbox 207 1161 264 1217; x_wconf 89' lang='lat' dir='ltr'><strong><em>Il.</em></strong></span> <span class='ocrx_word' id='word_1_83' title='bbox 283 1160 440 1229; x_wconf 84' lang='lat' dir='ltr'>Quid,</span> <span class='ocrx_word' id='word_1_84' title='bbox 461 1160 506 1217; x_wconf 87' lang='lat' dir='ltr'><strong>si</strong></span> <span class='ocrx_word' id='word_1_85' title='bbox 528 1159 645 1232; x_wconf 86' lang='lat' dir='ltr'><strong>juri</strong></span> <span class='ocrx_word' id='word_1_86' title='bbox 672 1175 784 1214; x_wconf 87' lang='lat' dir='ltr'><strong>non</strong></span> <span class='ocrx_word' id='word_1_87' title='bbox 821 1154 1073 1230; x_wconf 80' lang='lat' dir='ltr'><strong>paretur?</strong></span> <span class='ocrx_word' id='word_1_88' title='bbox 1112 1157 1290 1214; x_wconf 77' lang='lat' dir='ltr'><strong>Poenae</strong></span> <span class='ocrx_word' id='word_1_89' title='bbox 1329 1156 1415 1213; x_wconf 90' lang='lat' dir='ltr'><strong>ni-</strong></span> 
     </span>
     <span class='ocr_line' id='line_1_15' title="bbox 151 1227 1413 1308; baseline -0.004 -10"><span class='ocrx_word' id='word_1_90' title='bbox 151 1240 308 1298; x_wconf 76' lang='lat' dir='ltr'><strong>mirum</strong></span> <span class='ocrx_word' id='word_1_91' title='bbox 331 1237 652 1302; x_wconf 70' lang='lat' dir='ltr'><strong>constitutae,</strong></span> <span class='ocrx_word' id='word_1_92' title='bbox 679 1243 734 1292; x_wconf 85' lang='lat' dir='ltr'><strong>et</strong></span> <span class='ocrx_word' id='word_1_93' title='bbox 753 1234 958 1308; x_wconf 83' lang='lat' dir='ltr'><strong>judicia</strong></span> <span class='ocrx_word' id='word_1_94' title='bbox 977 1277 992 1298; x_wconf 87' lang='lat'>,</span> <span class='ocrx_word' id='word_1_95' title='bbox 1015 1241 1076 1292; x_wconf 91' lang='lat' dir='ltr'><strong>ut</strong></span> <span class='ocrx_word' id='word_1_96' title='bbox 1103 1227 1263 1292; x_wconf 90' lang='lat' dir='ltr'><strong>initio</strong></span> <span class='ocrx_word' id='word_1_97' title='bbox 1281 1233 1413 1293; x_wconf 81' lang='lat' dir='ltr'><strong>dixi.</strong></span> 
     </span>
     <span class='ocr_line' id='line_1_16' title="bbox 147 1312 1412 1389; baseline -0.008 -12"><span class='ocrx_word' id='word_1_98' title='bbox 147 1318 240 1386; x_wconf 79' lang='lat' dir='ltr'><strong>Quo</strong></span> <span class='ocrx_word' id='word_1_99' title='bbox 258 1321 358 1376; x_wconf 79' lang='lat' dir='ltr'><strong>loco</strong></span> <span class='ocrx_word' id='word_1_100' title='bbox 381 1318 488 1376; x_wconf 77' lang='lat' dir='ltr'><strong>haec</strong></span> <span class='ocrx_word' id='word_1_101' title='bbox 509 1322 832 1389; x_wconf 74' lang='lat' dir='ltr'><strong>q&#39;uaeruntur</strong></span> <span class='ocrx_word' id='word_1_102' title='bbox 847 1357 862 1380; x_wconf 86' lang='lat'><em>‚</em></span> <span class='ocrx_word' id='word_1_103' title='bbox 876 1314 1000 1386; x_wconf 88' lang='lat' dir='ltr'><strong>quis</strong></span> <span class='ocrx_word' id='word_1_104' title='bbox 1029 1312 1280 1370; x_wconf 83' lang='lat' dir='ltr'><strong>videatur</strong></span> <span class='ocrx_word' id='word_1_105' title='bbox 1305 1313 1412 1384; x_wconf 79' lang='lat' dir='ltr'><strong>legi</strong></span> 
     </span>
     <span class='ocr_line' id='line_1_17' title="bbox 40 1391 1412 1468; baseline -0.007 -14"><span class='ocrx_word' id='word_1_106' title='bbox 40 1453 43 1460; x_wconf 84' lang='grc'><strong>,</strong></span> <span class='ocrx_word' id='word_1_107' title='bbox 145 1414 229 1454; x_wconf 80' lang='lat' dir='ltr'><strong>non</strong></span> <span class='ocrx_word' id='word_1_108' title='bbox 259 1412 451 1468; x_wconf 83' lang='lat' dir='ltr'><strong>parere:</strong></span> <span class='ocrx_word' id='word_1_109' title='bbox 489 1394 620 1459; x_wconf 85' lang='lat' dir='ltr'><strong>ubi,</strong></span> <span class='ocrx_word' id='word_1_110' title='bbox 643 1400 697 1450; x_wconf 90' lang='lat' dir='ltr'><strong>et</strong></span> <span class='ocrx_word' id='word_1_111' title='bbox 735 1408 854 1465; x_wconf 84' lang='lat' dir='ltr'><strong>quae</strong></span> <span class='ocrx_word' id='word_1_112' title='bbox 897 1391 1010 1450; x_wconf 81' lang='lat' dir='ltr'><strong>istae</strong></span> <span class='ocrx_word' id='word_1_113' title='bbox 1052 1408 1250 1464; x_wconf 80' lang='lat' dir='ltr'><strong>poenae:</strong></span> <span class='ocrx_word' id='word_1_114' title='bbox 1277 1408 1412 1446; x_wconf 89' lang='lat' dir='ltr'><strong>num</strong></span> 
     </span>
     <span class='ocr_line' id='line_1_18' title="bbox 143 1468 1415 1541; baseline -0.005 -11"><span class='ocrx_word' id='word_1_115' title='bbox 143 1474 208 1530; x_wconf 75' lang='lat' dir='ltr'><strong>hae</strong></span> <span class='ocrx_word' id='word_1_116' title='bbox 237 1475 302 1538; x_wconf 74' lang='lat' dir='ltr'><strong>ita</strong></span> <span class='ocrx_word' id='word_1_117' title='bbox 337 1475 584 1532; x_wconf 76' lang='lat' dir='ltr'><strong>adversus</strong></span> <span class='ocrx_word' id='word_1_118' title='bbox 625 1488 810 1528; x_wconf 88' lang='lat' dir='ltr'><strong>omnes</strong></span> <span class='ocrx_word' id='word_1_119' title='bbox 838 1511 852 1530; x_wconf 91' lang='lat'><strong>.</strong></span> <span class='ocrx_word' id='word_1_120' title='bbox 890 1479 951 1526; x_wconf 85' lang='lat' dir='ltr'><strong>ut</strong></span> <span class='ocrx_word' id='word_1_121' title='bbox 991 1486 1058 1526; x_wconf 89' lang='lat' dir='ltr'><strong>ne</strong></span> <span class='ocrx_word' id='word_1_122' title='bbox 1111 1468 1153 1525; x_wconf 89' lang='lat' dir='ltr'><strong>ii</strong></span> <span class='ocrx_word' id='word_1_123' title='bbox 1193 1471 1415 1541; x_wconf 86' lang='lat' dir='ltr'><strong>quidem</strong></span> 
     </span>
    </p>
   </div>
   <div class='ocr_carea' id='block_1_4' title="bbox 141 1545 1418 1624">
    <p class='ocr_par' dir='ltr' id='par_1_5' title="bbox 141 1545 1418 1624">
     <span class='ocr_line' id='line_1_19' title="bbox 141 1545 1418 1624; baseline -0.005 -16"><span class='ocrx_word' id='word_1_124' title='bbox 141 1558 432 1618; x_wconf 75' lang='lat' dir='ltr'>excusentur,</span> <span class='ocrx_word' id='word_1_125' title='bbox 458 1551 554 1624; x_wconf 88' lang='lat' dir='ltr'><strong>qui</strong></span> <span class='ocrx_word' id='word_1_126' title='bbox 585 1549 894 1622; x_wconf 79' lang='lat' dir='ltr'><strong>ignorantia</strong></span> <span class='ocrx_word' id='word_1_127' title='bbox 919 1545 1056 1621; x_wconf 83' lang='lat' dir='ltr'><strong>quid</strong></span> <span class='ocrx_word' id='word_1_128' title='bbox 1082 1546 1418 1604; x_wconf 79' lang='lat' dir='ltr'><strong>admiserint.</strong></span> 
     </span>
    </p>
   </div>
   <div class='ocr_carea' id='block_1_5' title="bbox 40 1628 1416 2795">
    <p class='ocr_par' dir='ltr' id='par_1_6' title="bbox 40 1628 834 1702">
     <span class='ocr_line' id='line_1_20' title="bbox 40 1628 834 1702; baseline 0.003 -20"><span class='ocrx_word' id='word_1_129' title='bbox 40 1661 42 1682; x_wconf 63' lang='lat'>1</span> <span class='ocrx_word' id='word_1_130' title='bbox 143 1629 200 1686; x_wconf 76' lang='lat' dir='ltr'><strong>Be</strong></span> <span class='ocrx_word' id='word_1_131' title='bbox 219 1631 393 1702; x_wconf 82' lang='lat' dir='ltr'>quihus</span> <span class='ocrx_word' id='word_1_132' title='bbox 417 1630 596 1686; x_wconf 88' lang='lat' dir='ltr'><strong>dicam</strong></span> <span class='ocrx_word' id='word_1_133' title='bbox 626 1628 834 1686; x_wconf 86' lang='lat' dir='ltr'><strong>ordine.</strong></span> 
     </span>
    </p>

    <p class='ocr_par' dir='ltr' id='par_1_7' title="bbox 40 1703 1416 2729">
     <span class='ocr_line' id='line_1_21' title="bbox 40 1703 1416 1780; baseline -0.002 -15"><span class='ocrx_word' id='word_1_134' title='bbox 40 1707 43 1758; x_wconf 75' lang='grc' dir='ltr'>ἐ</span> <span class='ocrx_word' id='word_1_135' title='bbox 198 1707 276 1764; x_wconf 84' lang='lat'><strong><em>111.</em></strong></span> <span class='ocrx_word' id='word_1_136' title='bbox 300 1709 348 1765; x_wconf 87' lang='lat' dir='ltr'><strong>Is</strong></span> <span class='ocrx_word' id='word_1_137' title='bbox 369 1709 469 1780; x_wconf 78' lang='lat' dir='ltr'><strong>leg-i</strong></span> <span class='ocrx_word' id='word_1_138' title='bbox 495 1715 550 1763; x_wconf 89' lang='lat' dir='ltr'><strong>et</strong></span> <span class='ocrx_word' id='word_1_139' title='bbox 565 1707 687 1780; x_wconf 82' lang='lat' dir='ltr'><strong>juri</strong></span> <span class='ocrx_word' id='word_1_140' title='bbox 715 1724 822 1763; x_wconf 89' lang='lat' dir='ltr'><strong>non</strong></span> <span class='ocrx_word' id='word_1_141' title='bbox 847 1709 1018 1778; x_wconf 84' lang='lat' dir='ltr'><strong>paret,</strong></span> <span class='ocrx_word' id='word_1_142' title='bbox 1042 1703 1140 1776; x_wconf 88' lang='lat' dir='ltr'><strong>qui</strong></span> <span class='ocrx_word' id='word_1_143' title='bbox 1167 1703 1416 1762; x_wconf 81' lang='lat' dir='ltr'><strong>adversus</strong></span> 
     </span>
     <span class='ocr_line' id='line_1_22' title="bbox 40 1780 1414 1858; baseline -0.002 -17"><span class='ocrx_word' id='word_1_144' title='bbox 40 1793 43 1806; x_wconf 79' lang='lat'><strong>¹</strong></span> <span class='ocrx_word' id='word_1_145' title='bbox 138 1787 272 1858; x_wconf 72' lang='lat' dir='ltr'><strong>legem</strong></span> <span class='ocrx_word' id='word_1_146' title='bbox 305 1787 456 1852; x_wconf 78' lang='lat' dir='ltr'><strong>facit,</strong></span> <span class='ocrx_word' id='word_1_147' title='bbox 493 1786 612 1843; x_wconf 74' lang='lat' dir='ltr'><strong>sive</strong></span> <span class='ocrx_word' id='word_1_148' title='bbox 651 1791 832 1858; x_wconf 85' lang='lat' dir='ltr'><strong>aperte</strong></span> <span class='ocrx_word' id='word_1_149' title='bbox 869 1791 1054 1840; x_wconf 87' lang='lat' dir='ltr'><strong>contra</strong></span> <span class='ocrx_word' id='word_1_150' title='bbox 1097 1783 1258 1838; x_wconf 83' lang='lat' dir='ltr'><strong>verba</strong></span> <span class='ocrx_word' id='word_1_151' title='bbox 1301 1780 1414 1854; x_wconf 87' lang='lat' dir='ltr'><strong>ipsa</strong></span> 
     </span>
     <span class='ocr_line' id='line_1_23' title="bbox 40 1861 1414 1936; baseline -0.003 -16"><span class='ocrx_word' id='word_1_152' title='bbox 40 1925 42 1936; x_wconf 56' lang='grc'>,</span> <span class='ocrx_word' id='word_1_153' title='bbox 139 1863 426 1930; x_wconf 65' lang='grc' dir='ltr'><strong>ῐιείαίςείτε,</strong></span> <span class='ocrx_word' id='word_1_154' title='bbox 450 1864 617 1922; x_wconf 74' lang='lat' dir='ltr'><strong>salvis</strong></span> <span class='ocrx_word' id='word_1_155' title='bbox 643 1863 847 1928; x_wconf 82' lang='lat' dir='ltr'><strong>verbis,</strong></span> <span class='ocrx_word' id='word_1_156' title='bbox 865 1861 1024 1919; x_wconf 83' lang='lat' dir='ltr'><strong>saciat</strong></span> <span class='ocrx_word' id='word_1_157' title='bbox 1051 1863 1299 1918; x_wconf 75' lang='lat' dir='ltr'><strong>adversus</strong></span> <span class='ocrx_word' id='word_1_158' title='bbox 1326 1861 1380 1916; x_wconf 92' lang='lat' dir='ltr'><strong>id</strong></span> <span class='ocrx_word' id='word_1_159' title='bbox 1399 1900 1414 1924; x_wconf 89' lang='lat'>‚</span> 
     </span>
     <span class='ocr_line' id='line_1_24' title="bbox 40 1939 1412 2016; baseline -0.007 -15"><span class='ocrx_word' id='word_1_160' title='bbox 40 1943 43 2016; x_wconf 65' lang='grc' dir='ltr'><em>ῗ</em></span> <span class='ocrx_word' id='word_1_161' title='bbox 135 1945 244 2014; x_wconf 78' lang='lat' dir='ltr'><strong>quod</strong></span> <span class='ocrx_word' id='word_1_162' title='bbox 267 1943 342 2000; x_wconf 85' lang='lat' dir='ltr'><strong>lex</strong></span> <span class='ocrx_word' id='word_1_163' title='bbox 367 1941 824 2014; x_wconf 76' lang='lat' dir='ltr'><strong>noluitzquorum</strong></span> <span class='ocrx_word' id='word_1_164' title='bbox 855 1939 991 1998; x_wconf 92' lang='lat' dir='ltr'><strong>illud</strong></span> <span class='ocrx_word' id='word_1_165' title='bbox 1023 1939 1214 1996; x_wconf 83' lang='lat' dir='ltr'><strong>usitate</strong></span> <span class='ocrx_word' id='word_1_166' title='bbox 1229 1946 1412 1994; x_wconf 81' lang='lat' dir='ltr'><strong>contra</strong></span> 
     </span>
     <span class='ocr_line' id='line_1_25' title="bbox 40 2013 1412 2094; baseline -0.002 -18"><span class='ocrx_word' id='word_1_167' title='bbox 40 2023 43 2072; x_wconf 83' lang='grc' dir='ltr'><strong><em>ῑ</em></strong></span> <span class='ocrx_word' id='word_1_168' title='bbox 137 2021 294 2091; x_wconf 62' lang='lat' dir='ltr'><strong>team,</strong></span> <span class='ocrx_word' id='word_1_169' title='bbox 313 2021 490 2078; x_wconf 77' lang='lat' dir='ltr'><strong>hocin</strong></span> <span class='ocrx_word' id='word_1_170' title='bbox 511 2017 766 2094; x_wconf 72' lang='lat' dir='ltr'><strong>fraudem</strong></span> <span class='ocrx_word' id='word_1_171' title='bbox 793 2023 926 2088; x_wconf 74' lang='lat' dir='ltr'><strong>teqis</strong></span> <span class='ocrx_word' id='word_1_172' title='bbox 963 2018 1082 2074; x_wconf 84' lang='lat' dir='ltr'><strong>fieri</strong></span> <span class='ocrx_word' id='word_1_173' title='bbox 1108 2013 1325 2072; x_wconf 89' lang='lat' dir='ltr'><strong>dicitur.</strong></span> <span class='ocrx_word' id='word_1_174' title='bbox 1349 2013 1412 2073; x_wconf 98' lang='lat' dir='ltr'><strong>L.</strong></span> 
     </span>
     <span class='ocr_line' id='line_1_26' title="bbox 40 2093 1412 2172; baseline -0.005 -15"><span class='ocrx_word' id='word_1_175' title='bbox 40 2147 42 2150; x_wconf 57' lang='grc'>,</span> <span class='ocrx_word' id='word_1_176' title='bbox 133 2107 300 2164; x_wconf 69' lang='lat' dir='ltr'><strong>matra,</strong></span> <span class='ocrx_word' id='word_1_177' title='bbox 321 2109 368 2158; x_wconf 77' lang='lat' dir='ltr'><strong>et</strong></span> <span class='ocrx_word' id='word_1_178' title='bbox 391 2100 450 2158; x_wconf 85' lang='lat' dir='ltr'><strong>L.</strong></span> <span class='ocrx_word' id='word_1_179' title='bbox 471 2114 580 2172; x_wconf 71' lang='lat' dir='ltr'><strong>seq.</strong></span> <span class='ocrx_word' id='word_1_180' title='bbox 607 2099 673 2154; x_wconf 87' lang='lat' dir='ltr'><strong>D.</strong></span> <span class='ocrx_word' id='word_1_181' title='bbox 701 2099 762 2154; x_wconf 79' lang='lat' dir='ltr'><strong>de</strong></span> <span class='ocrx_word' id='word_1_182' title='bbox 790 2097 946 2172; x_wconf 67' lang='grc' dir='ltr'><strong>ἱερῷ.</strong></span> <span class='ocrx_word' id='word_1_183' title='bbox 973 2093 1275 2166; x_wconf 85' lang='lat' dir='ltr'><strong>Utrumque</strong></span> <span class='ocrx_word' id='word_1_184' title='bbox 1315 2107 1412 2150; x_wconf 83' lang='lat' dir='ltr'><strong>au&#39;-</strong></span> 
     </span>
     <span class='ocr_line' id='line_1_27' title="bbox 40 2171 1412 2250; baseline -0.004 -16"><span class='ocrx_word' id='word_1_185' title='bbox 40 2243 42 2248; x_wconf 40' lang='grc'><strong>,</strong></span> <span class='ocrx_word' id='word_1_186' title='bbox 135 2183 216 2233; x_wconf 81' lang='lat' dir='ltr'><strong>tem</strong></span> <span class='ocrx_word' id='word_1_187' title='bbox 237 2179 417 2250; x_wconf 84' lang='lat' dir='ltr'><strong>pariter</strong></span> <span class='ocrx_word' id='word_1_188' title='bbox 441 2179 701 2236; x_wconf 76' lang='lat' dir='ltr'><strong>adversus</strong></span> <span class='ocrx_word' id='word_1_189' title='bbox 727 2176 917 2248; x_wconf 83' lang='lat' dir='ltr'><strong>legem.</strong></span> <span class='ocrx_word' id='word_1_190' title='bbox 943 2173 1002 2230; x_wconf 89' lang='lat' dir='ltr'><strong>L.</strong></span> <span class='ocrx_word' id='word_1_191' title='bbox 1030 2190 1134 2230; x_wconf 82' lang='lat' dir='ltr'><strong>non</strong></span> <span class='ocrx_word' id='word_1_192' title='bbox 1161 2171 1381 2228; x_wconf 78' lang='lat' dir='ltr'><strong>dubium</strong></span> <span class='ocrx_word' id='word_1_193' title='bbox 1397 2215 1412 2236; x_wconf 85' lang='lat'>,</span> 
     </span>
     <span class='ocr_line' id='line_1_28' title="bbox 40 2243 1413 2328; baseline -0.008 -11"><span class='ocrx_word' id='word_1_194' title='bbox 40 2259 42 2278; x_wconf 92' lang='lat'>&#39;</span> <span class='ocrx_word' id='word_1_195' title='bbox 136 2255 242 2315; x_wconf 66' lang='lat' dir='ltr'><strong>Cdo</strong></span> <span class='ocrx_word' id='word_1_196' title='bbox 264 2259 405 2327; x_wconf 71' lang='lat' dir='ltr'><strong>Ieyib.</strong></span> <span class='ocrx_word' id='word_1_197' title='bbox 432 2257 586 2316; x_wconf 82' lang='lat' dir='ltr'><strong>Inter</strong></span> <span class='ocrx_word' id='word_1_198' title='bbox 611 2271 732 2328; x_wconf 82' lang='lat' dir='ltr'><strong>quae</strong></span> <span class='ocrx_word' id='word_1_199' title='bbox 757 2253 894 2326; x_wconf 86' lang='lat' dir='ltr'><strong>quid</strong></span> <span class='ocrx_word' id='word_1_200' title='bbox 921 2243 1152 2321; x_wconf 84' lang='lat' dir='ltr'><strong>intersit,</strong></span> <span class='ocrx_word' id='word_1_201' title='bbox 1178 2247 1294 2306; x_wconf 81' lang='lat' dir='ltr'><strong>dixi</strong></span> <span class='ocrx_word' id='word_1_202' title='bbox 1323 2269 1413 2307; x_wconf 89' lang='lat' dir='ltr'><strong>su-</strong></span> 
     </span>
     <span class='ocr_line' id='line_1_29' title="bbox 40 2327 1415 2408; baseline -0.003 -20"><span class='ocrx_word' id='word_1_203' title='bbox 40 2337 42 2368; x_wconf 63' lang='lat'><em>*</em></span> <span class='ocrx_word' id='word_1_204' title='bbox 131 2347 202 2403; x_wconf 78' lang='lat' dir='ltr'><strong>pra</strong></span> <span class='ocrx_word' id='word_1_205' title='bbox 223 2336 334 2408; x_wconf 77' lang='lat' dir='ltr'><strong>Cap.</strong></span> <span class='ocrx_word' id='word_1_206' title='bbox 357 2333 444 2392; x_wconf 75' lang='lat' dir='ltr'><strong>XI</strong></span> <span class='ocrx_word' id='word_1_207' title='bbox 451 2333 510 2393; x_wconf 83' lang='lat' dir='ltr'><strong>V.</strong></span> <span class='ocrx_word' id='word_1_208' title='bbox 535 2337 812 2392; x_wconf 65' lang='lat' dir='ltr'><strong>Adversus</strong></span> <span class='ocrx_word' id='word_1_209' title='bbox 837 2331 950 2388; x_wconf 72' lang='lat' dir='ltr'><strong>hzrc</strong></span> <span class='ocrx_word' id='word_1_210' title='bbox 990 2330 1162 2386; x_wconf 81' lang='lat' dir='ltr'><strong>facere</strong></span> <span class='ocrx_word' id='word_1_211' title='bbox 1205 2327 1415 2387; x_wconf 88' lang='lat' dir='ltr'><strong>intelli-</strong></span> 
     </span>
     <span class='ocr_line' id='line_1_30' title="bbox 40 2407 1413 2484; baseline -0.001 -20"><span class='ocrx_word' id='word_1_212' title='bbox 40 2441 43 2482; x_wconf 47' lang='grc' dir='ltr'><em>ρ</em></span> <span class='ocrx_word' id='word_1_213' title='bbox 131 2412 268 2480; x_wconf 77' lang='lat' dir='ltr'><strong>gitur,</strong></span> <span class='ocrx_word' id='word_1_214' title='bbox 299 2415 389 2484; x_wconf 83' lang='lat' dir='ltr'><strong>qui</strong></span> <span class='ocrx_word' id='word_1_215' title='bbox 431 2419 526 2469; x_wconf 81' lang='lat' dir='ltr'><strong>aut</strong></span> <span class='ocrx_word' id='word_1_216' title='bbox 567 2411 703 2468; x_wconf 79' lang='lat' dir='ltr'><strong>facit</strong></span> <span class='ocrx_word' id='word_1_217' title='bbox 721 2452 733 2475; x_wconf 95' lang='lat'>,</span> <span class='ocrx_word' id='word_1_218' title='bbox 757 2411 904 2482; x_wconf 87' lang='lat' dir='ltr'><strong>quod</strong></span> <span class='ocrx_word' id='word_1_219' title='bbox 945 2407 1034 2464; x_wconf 83' lang='lat' dir='ltr'><strong>lex</strong></span> <span class='ocrx_word' id='word_1_220' title='bbox 1075 2413 1248 2470; x_wconf 73' lang='lat' dir='ltr'><strong>vetat:</strong></span> <span class='ocrx_word' id='word_1_221' title='bbox 1290 2415 1382 2464; x_wconf 88' lang='lat' dir='ltr'><strong>aut</strong></span> <span class='ocrx_word' id='word_1_222' title='bbox 1399 2449 1413 2474; x_wconf 92' lang='lat'>‚</span> 
     </span>
     <span class='ocr_line' id='line_1_31' title="bbox 40 2485 1414 2566; baseline -0.004 -19"><span class='ocrx_word' id='word_1_223' title='bbox 40 2489 43 2524; x_wconf 51' lang='grc' dir='ltr'><em>ἵ</em></span> <span class='ocrx_word' id='word_1_224' title='bbox 127 2492 238 2560; x_wconf 72' lang='lat' dir='ltr'><strong>quod</strong></span> <span class='ocrx_word' id='word_1_225' title='bbox 263 2493 344 2548; x_wconf 82' lang='lat' dir='ltr'><strong>illa</strong></span> <span class='ocrx_word' id='word_1_226' title='bbox 365 2491 548 2566; x_wconf 83' lang='lat' dir='ltr'><strong>jubet,</strong></span> <span class='ocrx_word' id='word_1_227' title='bbox 574 2487 802 2548; x_wconf 85' lang='lat' dir='ltr'><strong>omittit.</strong></span> <span class='ocrx_word' id='word_1_228' title='bbox 842 2485 1057 2544; x_wconf 79' lang='lat' dir='ltr'>Dicitur</span> <span class='ocrx_word' id='word_1_229' title='bbox 1096 2485 1322 2556; x_wconf 85' lang='lat' dir='ltr'><strong>quidem</strong></span> <span class='ocrx_word' id='word_1_230' title='bbox 1353 2485 1414 2542; x_wconf 89' lang='lat' dir='ltr'><strong>in</strong></span> 
     </span>
     <span class='ocr_line' id='line_1_32' title="bbox 40 2561 1410 2641; baseline -0.002 -17"><span class='ocrx_word' id='word_1_231' title='bbox 40 2614 43 2641; x_wconf 69' lang='grc'>,</span> <span class='ocrx_word' id='word_1_232' title='bbox 130 2567 370 2639; x_wconf 73' lang='lat' dir='ltr'><strong>Leonti-a,</strong></span> <span class='ocrx_word' id='word_1_233' title='bbox 394 2581 443 2627; x_wconf 76' lang='lat' dir='ltr'><strong>et</strong></span> <span class='ocrx_word' id='word_1_234' title='bbox 467 2571 530 2629; x_wconf 80' lang='lat' dir='ltr'><strong>L.</strong></span> <span class='ocrx_word' id='word_1_235' title='bbox 553 2584 662 2641; x_wconf 74' lang='lat' dir='ltr'><strong>seq.</strong></span> <span class='ocrx_word' id='word_1_236' title='bbox 691 2567 751 2625; x_wconf 80' lang='lat' dir='ltr'><strong>de</strong></span> <span class='ocrx_word' id='word_1_237' title='bbox 779 2561 932 2635; x_wconf 65' lang='lat' dir='ltr'><strong>lamb.</strong></span> <span class='ocrx_word' id='word_1_238' title='bbox 957 2567 1010 2623; x_wconf 88' lang='lat' dir='ltr'><strong>Is</strong></span> <span class='ocrx_word' id='word_1_239' title='bbox 1038 2571 1251 2621; x_wconf 89' lang='lat' dir='ltr'><strong>tantum</strong></span> <span class='ocrx_word' id='word_1_240' title='bbox 1279 2581 1410 2621; x_wconf 90' lang='lat' dir='ltr'><strong>con-</strong></span> 
     </span>
     <span class='ocr_line' id='line_1_33' title="bbox 40 2644 1408 2729; baseline -0.003 -25"><span class='ocrx_word' id='word_1_241' title='bbox 40 2648 42 2729; x_wconf 60' lang='lat' dir='ltr'>s</span> <span class='ocrx_word' id='word_1_242' title='bbox 129 2650 186 2699; x_wconf 77' lang='lat' dir='ltr'><strong>tra</strong></span> <span class='ocrx_word' id='word_1_243' title='bbox 207 2650 352 2721; x_wconf 81' lang='lat' dir='ltr'><strong>legem</strong></span> <span class='ocrx_word' id='word_1_244' title='bbox 379 2644 552 2706; x_wconf 82' lang='lat' dir='ltr'><strong>sacci-e</strong></span> <span class='ocrx_word' id='word_1_245' title='bbox 569 2688 586 2711; x_wconf 92' lang='lat'>‚</span> <span class='ocrx_word' id='word_1_246' title='bbox 613 2650 709 2719; x_wconf 88' lang='lat' dir='ltr'><strong>qui</strong></span> <span class='ocrx_word' id='word_1_247' title='bbox 737 2644 898 2707; x_wconf 80' lang='lat' dir='ltr'><strong>facit,</strong></span> <span class='ocrx_word' id='word_1_248' title='bbox 924 2646 1072 2717; x_wconf 89' lang='lat' dir='ltr'><strong>quod</strong></span> <span class='ocrx_word' id='word_1_249' title='bbox 1099 2644 1185 2699; x_wconf 85' lang='lat' dir='ltr'><strong>lex</strong></span> <span class='ocrx_word' id='word_1_250' title='bbox 1224 2644 1408 2715; x_wconf 85' lang='lat' dir='ltr'><strong>prohi-</strong></span> 
     </span>
    </p>

    <p class='ocr_par' dir='ltr' id='par_1_8' title="bbox 40 2720 1406 2795">
     <span class='ocr_line' id='line_1_34' title="bbox 40 2720 1406 2795; baseline -0.007 -11"><span class='ocrx_word' id='word_1_251' title='bbox 40 2750 42 2771; x_wconf 80' lang='lat'>÷</span> <span class='ocrx_word' id='word_1_252' title='bbox 129 2722 216 2783; x_wconf 74' lang='lat' dir='ltr'><strong>tet:</strong></span> <span class='ocrx_word' id='word_1_253' title='bbox 233 2728 471 2785; x_wconf 83' lang='lat' dir='ltr'><strong>similiter</strong></span> <span class='ocrx_word' id='word_1_254' title='bbox 497 2726 560 2785; x_wconf 86' lang='lat' dir='ltr'><strong>in</strong></span> <span class='ocrx_word' id='word_1_255' title='bbox 593 2724 838 2781; x_wconf 73' lang='lat' dir='ltr'><strong>fraudem</strong></span> <span class='ocrx_word' id='word_1_256' title='bbox 865 2720 938 2787; x_wconf 83' lang='lat' dir='ltr'><strong>is.</strong></span> <span class='ocrx_word' id='word_1_257' title='bbox 963 2722 1061 2795; x_wconf 87' lang='lat' dir='ltr'><strong>qui</strong></span> <span class='ocrx_word' id='word_1_258' title='bbox 1089 2721 1234 2785; x_wconf 79' lang='lat' dir='ltr'><strong>facit,</strong></span> <span class='ocrx_word' id='word_1_259' title='bbox 1257 2722 1406 2793; x_wconf 85' lang='lat' dir='ltr'><strong>quod</strong></span> 
     </span>
    </p>
   </div>
   <div class='ocr_carea' id='block_1_6' title="bbox 40 2801 1405 2869">
    <p class='ocr_par' dir='ltr' id='par_1_9' title="bbox 40 2801 1405 2869">
     <span class='ocr_line' id='line_1_35' title="bbox 40 2801 1405 2869; baseline -0.01 -2"><span class='ocrx_word' id='word_1_260' title='bbox 40 2864 42 2867; x_wconf 78' lang='grc'>,</span> <span class='ocrx_word' id='word_1_261' title='bbox 127 2801 190 2859; x_wconf 79' lang='lat' dir='ltr'><strong>lex</strong></span> <span class='ocrx_word' id='word_1_262' title='bbox 209 2806 392 2869; x_wconf 77' lang='lat' dir='ltr'><strong>noluit,</strong></span> <span class='ocrx_word' id='word_1_263' title='bbox 419 2806 476 2862; x_wconf 89' lang='lat' dir='ltr'><strong>id</strong></span> <span class='ocrx_word' id='word_1_264' title='bbox 503 2808 586 2861; x_wconf 65' lang='lat' dir='ltr'><strong>est</strong></span> <span class='ocrx_word' id='word_1_265' title='bbox 623 2802 887 2859; x_wconf 85' lang='lat' dir='ltr'><strong>sententia</strong></span> <span class='ocrx_word' id='word_1_266' title='bbox 916 2801 1088 2857; x_wconf 68' lang='lat' dir='ltr'><strong>vetuit</strong></span> <span class='ocrx_word' id='word_1_267' title='bbox 1109 2840 1122 2863; x_wconf 93' lang='lat'>‚</span> <span class='ocrx_word' id='word_1_268' title='bbox 1148 2816 1256 2855; x_wconf 89' lang='lat' dir='ltr'><strong>non</strong></span> <span class='ocrx_word' id='word_1_269' title='bbox 1288 2816 1405 2854; x_wconf 84' lang='lat' dir='ltr'><strong>ver-</strong></span> 
     </span>
    </p>
   </div>
   <div class='ocr_carea' id='block_1_7' title="bbox 40 2876 1407 4833">
    <p class='ocr_par' dir='ltr' id='par_1_10' title="bbox 40 2876 1407 4833">
     <span class='ocr_line' id='line_1_36' title="bbox 40 2876 1402 2955; baseline -0.002 -19"><span class='ocrx_word' id='word_1_270' title='bbox 40 2948 42 2951; x_wconf 11' lang='lat'><em>*</em></span> <span class='ocrx_word' id='word_1_271' title='bbox 127 2876 274 2939; x_wconf 67' lang='lat' dir='ltr'><strong>hisnu</strong></span> <span class='ocrx_word' id='word_1_272' title='bbox 287 2885 448 2941; x_wconf 75' lang='lat' dir='ltr'><strong>videri</strong></span> <span class='ocrx_word' id='word_1_273' title='bbox 463 2881 636 2955; x_wconf 87' lang='lat' dir='ltr'><strong>possit</strong></span> <span class='ocrx_word' id='word_1_274' title='bbox 661 2889 890 2951; x_wconf 82' lang='lat' dir='ltr'><strong>utraque</strong></span> <span class='ocrx_word' id='word_1_275' title='bbox 915 2876 1163 2936; x_wconf 77' lang='lat' dir='ltr'><strong>delinitio</strong></span> <span class='ocrx_word' id='word_1_276' title='bbox 1191 2878 1260 2933; x_wconf 87' lang='lat' dir='ltr'><strong>ad</strong></span> <span class='ocrx_word' id='word_1_277' title='bbox 1277 2893 1402 2933; x_wconf 87' lang='lat' dir='ltr'><strong>eum</strong></span> 
     </span>
     <span class='ocr_line' id='line_1_37' title="bbox 40 2956 1402 3033; baseline -0.004 -18"><span class='ocrx_word' id='word_1_278' title='bbox 40 2956 43 3033; x_wconf 71' lang='grc' dir='ltr'><strong><em>ζ</em></strong></span> <span class='ocrx_word' id='word_1_279' title='bbox 125 2962 288 3019; x_wconf 78' lang='lat' dir='ltr'><strong>tantum</strong></span> <span class='ocrx_word' id='word_1_280' title='bbox 324 2960 542 3027; x_wconf 82' lang='lat' dir='ltr'><strong>referri,</strong></span> <span class='ocrx_word' id='word_1_281' title='bbox 571 2960 672 3033; x_wconf 85' lang='lat' dir='ltr'><strong>qui</strong></span> <span class='ocrx_word' id='word_1_282' title='bbox 712 2958 872 3021; x_wconf 75' lang='lat' dir='ltr'><strong>facit,</strong></span> <span class='ocrx_word' id='word_1_283' title='bbox 909 2958 1056 3027; x_wconf 84' lang='lat' dir='ltr'><strong>quod</strong></span> <span class='ocrx_word' id='word_1_284' title='bbox 1099 2956 1184 3013; x_wconf 86' lang='lat' dir='ltr'><strong>lex</strong></span> <span class='ocrx_word' id='word_1_285' title='bbox 1227 2960 1402 3011; x_wconf 81' lang='lat' dir='ltr'><strong>vetat:</strong></span> 
     </span>
     <span class='ocr_line' id='line_1_38' title="bbox 40 3032 1404 3109; baseline -0.006 -12"><span class='ocrx_word' id='word_1_286' title='bbox 40 3038 43 3097; x_wconf 75' lang='grc' dir='ltr'><em>Ξ</em></span> <span class='ocrx_word' id='word_1_287' title='bbox 124 3051 204 3092; x_wconf 80' lang='lat' dir='ltr'><strong>non</strong></span> <span class='ocrx_word' id='word_1_288' title='bbox 234 3041 382 3097; x_wconf 83' lang='lat' dir='ltr'><strong>etiam</strong></span> <span class='ocrx_word' id='word_1_289' title='bbox 423 3041 496 3097; x_wconf 90' lang='lat' dir='ltr'><strong>ad</strong></span> <span class='ocrx_word' id='word_1_290' title='bbox 535 3056 702 3100; x_wconf 87' lang='lat' dir='ltr'><strong>eum,</strong></span> <span class='ocrx_word' id='word_1_291' title='bbox 737 3036 836 3109; x_wconf 85' lang='lat' dir='ltr'><strong>qui</strong></span> <span class='ocrx_word' id='word_1_292' title='bbox 875 3034 1110 3097; x_wconf 81' lang='lat' dir='ltr'><strong>omittit,</strong></span> <span class='ocrx_word' id='word_1_293' title='bbox 1133 3035 1282 3105; x_wconf 86' lang='lat' dir='ltr'><strong>quod</strong></span> <span class='ocrx_word' id='word_1_294' title='bbox 1319 3032 1404 3089; x_wconf 86' lang='lat' dir='ltr'><strong>lex</strong></span> 
     </span>
     <span class='ocr_line' id='line_1_39' title="bbox 117 3113 1404 3184; baseline -0.005 -11"><span class='ocrx_word' id='word_1_295' title='bbox 117 3113 244 3184; x_wconf 79' lang='lat' dir='ltr'><strong>jubet.</strong></span> <span class='ocrx_word' id='word_1_296' title='bbox 277 3120 375 3176; x_wconf 89' lang='lat' dir='ltr'><strong>Sed</strong></span> <span class='ocrx_word' id='word_1_297' title='bbox 415 3115 790 3175; x_wconf 79' lang='lat' dir='ltr'><strong>nihilominus</strong></span> <span class='ocrx_word' id='word_1_298' title='bbox 813 3122 866 3171; x_wconf 90' lang='lat' dir='ltr'><strong>et</strong></span> <span class='ocrx_word' id='word_1_299' title='bbox 895 3114 964 3169; x_wconf 83' lang='lat' dir='ltr'><strong>ad</strong></span> <span class='ocrx_word' id='word_1_300' title='bbox 1005 3114 1148 3169; x_wconf 86' lang='lat' dir='ltr'><strong>hunc</strong></span> <span class='ocrx_word' id='word_1_301' title='bbox 1187 3127 1404 3183; x_wconf 82' lang='lat' dir='ltr'><strong>quoque</strong></span> 
     </span>
     <span class='ocr_line' id='line_1_40' title="bbox 123 3188 1405 3269; baseline -0.005 -18"><span class='ocrx_word' id='word_1_302' title='bbox 123 3195 320 3263; x_wconf 73' lang='lat' dir='ltr'><strong>pertinet.</strong></span> <span class='ocrx_word' id='word_1_303' title='bbox 343 3198 482 3253; x_wconf 75' lang='lat' dir='ltr'><strong>Nam</strong></span> <span class='ocrx_word' id='word_1_304' title='bbox 511 3211 638 3269; x_wconf 80' lang='lat' dir='ltr'><strong>quae</strong></span> <span class='ocrx_word' id='word_1_305' title='bbox 666 3196 752 3249; x_wconf 84' lang='lat' dir='ltr'><strong>lex</strong></span> <span class='ocrx_word' id='word_1_306' title='bbox 783 3192 967 3265; x_wconf 81' lang='lat' dir='ltr'><strong>jubet,</strong></span> <span class='ocrx_word' id='word_1_307' title='bbox 991 3189 1128 3262; x_wconf 88' lang='lat' dir='ltr'><strong>quid</strong></span> <span class='ocrx_word' id='word_1_308' title='bbox 1157 3188 1272 3247; x_wconf 80' lang='lat' dir='ltr'><strong>fieri</strong></span> <span class='ocrx_word' id='word_1_309' title='bbox 1291 3231 1305 3257; x_wconf 88' lang='lat'>‚</span> <span class='ocrx_word' id='word_1_310' title='bbox 1331 3190 1405 3246; x_wconf 87' lang='lat' dir='ltr'><strong>si-</strong></span> 
     </span>
     <span class='ocr_line' id='line_1_41' title="bbox 123 3268 1405 3343; baseline -0.002 -17"><span class='ocrx_word' id='word_1_311' title='bbox 123 3274 206 3327; x_wconf 80' lang='lat' dir='ltr'><strong>mul</strong></span> <span class='ocrx_word' id='word_1_312' title='bbox 223 3274 388 3330; x_wconf 88' lang='lat' dir='ltr'><strong>omitti</strong></span> <span class='ocrx_word' id='word_1_313' title='bbox 431 3280 610 3330; x_wconf 77' lang='lat' dir='ltr'><strong>vetat:</strong></span> <span class='ocrx_word' id='word_1_314' title='bbox 638 3278 698 3327; x_wconf 94' lang='lat' dir='ltr'><strong>ut</strong></span> <span class='ocrx_word' id='word_1_315' title='bbox 733 3278 950 3334; x_wconf 84' lang='lat' dir='ltr'><strong>contra,</strong></span> <span class='ocrx_word' id='word_1_316' title='bbox 973 3286 1094 3343; x_wconf 78' lang='lat' dir='ltr'><strong>quae</strong></span> <span class='ocrx_word' id='word_1_317' title='bbox 1135 3275 1310 3330; x_wconf 78' lang='lat' dir='ltr'><strong>vetat.</strong></span> <span class='ocrx_word' id='word_1_318' title='bbox 1335 3268 1405 3323; x_wconf 86' lang='lat' dir='ltr'><strong>ab</strong></span> 
     </span>
     <span class='ocr_line' id='line_1_42' title="bbox 119 3344 1406 3421; baseline 0 -18"><span class='ocrx_word' id='word_1_319' title='bbox 119 3364 184 3413; x_wconf 80' lang='lat' dir='ltr'><strong>eo,</strong></span> <span class='ocrx_word' id='word_1_320' title='bbox 201 3354 326 3421; x_wconf 79' lang='lat' dir='ltr'><strong>quod</strong></span> <span class='ocrx_word' id='word_1_321' title='bbox 352 3360 532 3419; x_wconf 84' lang='lat' dir='ltr'><strong>vetat,</strong></span> <span class='ocrx_word' id='word_1_322' title='bbox 561 3349 822 3407; x_wconf 82' lang='lat' dir='ltr'><strong>abstineri</strong></span> <span class='ocrx_word' id='word_1_323' title='bbox 847 3349 1004 3419; x_wconf 82' lang='lat' dir='ltr'><strong>jubet</strong></span> <span class='ocrx_word' id='word_1_324' title='bbox 1023 3388 1036 3412; x_wconf 87' lang='lat'>‚</span> <span class='ocrx_word' id='word_1_325' title='bbox 1063 3354 1126 3404; x_wconf 88' lang='lat' dir='ltr'><strong>ut</strong></span> <span class='ocrx_word' id='word_1_326' title='bbox 1165 3344 1406 3405; x_wconf 77' lang='lat' dir='ltr'><strong>diximus</strong></span> 
     </span>
     <span class='ocr_line' id='line_1_43' title="bbox 125 3422 1404 3503; baseline 0 -22"><span class='ocrx_word' id='word_1_327' title='bbox 125 3422 164 3481; x_wconf 84' lang='lat' dir='ltr'><strong>in</strong></span> <span class='ocrx_word' id='word_1_328' title='bbox 182 3430 471 3488; x_wconf 84' lang='lat' dir='ltr'><strong>definitione</strong></span> <span class='ocrx_word' id='word_1_329' title='bbox 505 3430 669 3503; x_wconf 76' lang='lat' dir='ltr'><strong>juris.</strong></span> <span class='ocrx_word' id='word_1_330' title='bbox 707 3428 1031 3491; x_wconf 76' lang='lat' dir='ltr'><strong>Enimvero,</strong></span> <span class='ocrx_word' id='word_1_331' title='bbox 1059 3425 1167 3483; x_wconf 89' lang='lat' dir='ltr'><strong>nisi</strong></span> <span class='ocrx_word' id='word_1_332' title='bbox 1207 3424 1404 3481; x_wconf 85' lang='lat' dir='ltr'><strong>horum</strong></span> 
     </span>
     <span class='ocr_line' id='line_1_44' title="bbox 124 3503 1404 3576; baseline -0.004 -12"><span class='ocrx_word' id='word_1_333' title='bbox 124 3504 390 3566; x_wconf 68' lang='lat' dir='ltr'><strong>tltenitrum</strong></span> <span class='ocrx_word' id='word_1_334' title='bbox 415 3512 510 3574; x_wconf 77' lang='lat' dir='ltr'><strong>fit,</strong></span> <span class='ocrx_word' id='word_1_335' title='bbox 539 3514 604 3564; x_wconf 87' lang='lat' dir='ltr'><strong>ut</strong></span> <span class='ocrx_word' id='word_1_336' title='bbox 642 3506 728 3563; x_wconf 83' lang='lat' dir='ltr'><strong>vel</strong></span> <span class='ocrx_word' id='word_1_337' title='bbox 767 3504 928 3561; x_wconf 82' lang='lat' dir='ltr'><strong>faciat</strong></span> <span class='ocrx_word' id='word_1_338' title='bbox 967 3503 1118 3576; x_wconf 85' lang='lat' dir='ltr'><strong>quis,</strong></span> <span class='ocrx_word' id='word_1_339' title='bbox 1144 3506 1288 3575; x_wconf 87' lang='lat' dir='ltr'><strong>quod</strong></span> <span class='ocrx_word' id='word_1_340' title='bbox 1317 3503 1404 3559; x_wconf 82' lang='lat' dir='ltr'><strong>lex</strong></span> 
     </span>
     <span class='ocr_line' id='line_1_45' title="bbox 123 3581 1406 3659; baseline -0.002 -20"><span class='ocrx_word' id='word_1_341' title='bbox 123 3588 352 3651; x_wconf 74' lang='lat' dir='ltr'><strong>vetat‚vcl</strong></span> <span class='ocrx_word' id='word_1_342' title='bbox 391 3589 544 3659; x_wconf 80' lang='lat' dir='ltr'><strong>quod</strong></span> <span class='ocrx_word' id='word_1_343' title='bbox 585 3586 742 3659; x_wconf 85' lang='lat' dir='ltr'><strong>jubet</strong></span> <span class='ocrx_word' id='word_1_344' title='bbox 766 3583 1010 3639; x_wconf 84' lang='lat' dir='ltr'><strong>omittat:</strong></span> <span class='ocrx_word' id='word_1_345' title='bbox 1038 3598 1147 3639; x_wconf 91' lang='lat' dir='ltr'><strong>non</strong></span> <span class='ocrx_word' id='word_1_346' title='bbox 1190 3581 1406 3637; x_wconf 83' lang='lat' dir='ltr'><strong>videtur</strong></span> 
     </span>
     <span class='ocr_line' id='line_1_46' title="bbox 119 3660 1404 3734; baseline -0.001 -18"><span class='ocrx_word' id='word_1_347' title='bbox 119 3662 394 3723; x_wconf 66' lang='lat' dir='ltr'><strong>commisisse</strong></span> <span class='ocrx_word' id='word_1_348' title='bbox 435 3668 700 3723; x_wconf 76' lang='lat' dir='ltr'><strong>adversus</strong></span> <span class='ocrx_word' id='word_1_349' title='bbox 724 3664 895 3734; x_wconf 81' lang='lat' dir='ltr'><strong>legem</strong></span> <span class='ocrx_word' id='word_1_350' title='bbox 914 3703 928 3727; x_wconf 87' lang='lat'>,</span> <span class='ocrx_word' id='word_1_351' title='bbox 955 3672 1126 3733; x_wconf 84' lang='lat' dir='ltr'><strong>eoque</strong></span> <span class='ocrx_word' id='word_1_352' title='bbox 1163 3677 1261 3717; x_wconf 90' lang='lat' dir='ltr'><strong>nec</strong></span> <span class='ocrx_word' id='word_1_353' title='bbox 1289 3660 1404 3715; x_wconf 88' lang='lat' dir='ltr'><strong>ulla</strong></span> 
     </span>
     <span class='ocr_line' id='line_1_47' title="bbox 123 3738 1403 3811; baseline -0.001 -16"><span class='ocrx_word' id='word_1_354' title='bbox 123 3753 235 3806; x_wconf 70' lang='lat' dir='ltr'><strong>ma</strong></span> <span class='ocrx_word' id='word_1_355' title='bbox 257 3745 547 3801; x_wconf 75' lang='lat' dir='ltr'><strong>tenebitur.</strong></span> <span class='ocrx_word' id='word_1_356' title='bbox 574 3743 829 3805; x_wconf 86' lang='lat' dir='ltr'><strong>Proinde,</strong></span> <span class='ocrx_word' id='word_1_357' title='bbox 843 3738 888 3798; x_wconf 86' lang='lat' dir='ltr'><strong>si</strong></span> <span class='ocrx_word' id='word_1_358' title='bbox 915 3756 1024 3811; x_wconf 88' lang='lat' dir='ltr'><strong>qua</strong></span> <span class='ocrx_word' id='word_1_359' title='bbox 1052 3741 1136 3795; x_wconf 84' lang='lat' dir='ltr'><strong>lex</strong></span> <span class='ocrx_word' id='word_1_360' title='bbox 1163 3744 1257 3801; x_wconf 83' lang='lat' dir='ltr'><strong>est,</strong></span> <span class='ocrx_word' id='word_1_361' title='bbox 1282 3754 1403 3809; x_wconf 78' lang='lat' dir='ltr'><strong>quae</strong></span> 
     </span>
     <span class='ocr_line' id='line_1_48' title="bbox 123 3817 1402 3889; baseline -0.005 -13"><span class='ocrx_word' id='word_1_362' title='bbox 123 3820 342 3884; x_wconf 63' lang='lat' dir='ltr'><strong>remittat</strong></span> <span class='ocrx_word' id='word_1_363' title='bbox 380 3829 634 3884; x_wconf 82' lang='lat' dir='ltr'><strong>tantum,</strong></span> <span class='ocrx_word' id='word_1_364' title='bbox 659 3822 982 3876; x_wconf 75' lang='lat' dir='ltr'><strong>concedatve</strong></span> <span class='ocrx_word' id='word_1_365' title='bbox 1024 3817 1264 3889; x_wconf 83' lang='lat' dir='ltr'><strong>aliquid:</strong></span> <span class='ocrx_word' id='word_1_366' title='bbox 1293 3832 1402 3871; x_wconf 90' lang='lat' dir='ltr'><strong>non</strong></span> 
     </span>
     <span class='ocr_line' id='line_1_49' title="bbox 123 3894 1400 3979; baseline -0.003 -24"><span class='ocrx_word' id='word_1_367' title='bbox 123 3904 246 3979; x_wconf 69' lang='lat' dir='ltr'><strong>potest</strong></span> <span class='ocrx_word' id='word_1_368' title='bbox 267 3901 440 3957; x_wconf 74' lang='lat' dir='ltr'><strong>videri</strong></span> <span class='ocrx_word' id='word_1_369' title='bbox 467 3900 723 3957; x_wconf 76' lang='lat' dir='ltr'><strong>adversus</strong></span> <span class='ocrx_word' id='word_1_370' title='bbox 748 3914 869 3954; x_wconf 85' lang='lat' dir='ltr'><strong>eam</strong></span> <span class='ocrx_word' id='word_1_371' title='bbox 908 3895 1246 3953; x_wconf 73' lang='lat' dir='ltr'><strong>committere</strong></span> <span class='ocrx_word' id='word_1_372' title='bbox 1263 3936 1276 3959; x_wconf 91' lang='lat'>,</span> <span class='ocrx_word' id='word_1_373' title='bbox 1301 3894 1400 3967; x_wconf 85' lang='lat' dir='ltr'><strong>qui</strong></span> 
     </span>
     <span class='ocr_line' id='line_1_50' title="bbox 125 3972 1403 4047; baseline -0.007 -11"><span class='ocrx_word' id='word_1_374' title='bbox 125 3974 327 4047; x_wconf 47' lang='lat' dir='ltr'><strong>*Lquod</strong></span> <span class='ocrx_word' id='word_1_375' title='bbox 353 3982 440 4035; x_wconf 85' lang='lat' dir='ltr'><strong>lex</strong></span> <span class='ocrx_word' id='word_1_376' title='bbox 469 3980 720 4041; x_wconf 86' lang='lat' dir='ltr'><strong>dat‚non</strong></span> <span class='ocrx_word' id='word_1_377' title='bbox 749 3974 976 4047; x_wconf 82' lang='lat' dir='ltr'><strong>accipit.</strong></span> <span class='ocrx_word' id='word_1_378' title='bbox 1001 3992 1128 4031; x_wconf 83' lang='lat' dir='ltr'><strong>eove</strong></span> <span class='ocrx_word' id='word_1_379' title='bbox 1155 3990 1264 4028; x_wconf 91' lang='lat' dir='ltr'><strong>non</strong></span> <span class='ocrx_word' id='word_1_380' title='bbox 1292 3972 1403 4029; x_wconf 90' lang='lat' dir='ltr'><strong>uti-</strong></span> 
     </span>
     <span class='ocr_line' id='line_1_51' title="bbox 127 4050 1400 4127; baseline -0.002 -20"><span class='ocrx_word' id='word_1_381' title='bbox 127 4052 195 4108; x_wconf 78' lang='lat' dir='ltr'><strong>tur.</strong></span> <span class='ocrx_word' id='word_1_382' title='bbox 215 4054 323 4113; x_wconf 75' lang='lat' dir='ltr'><strong>Non</strong></span> <span class='ocrx_word' id='word_1_383' title='bbox 345 4058 502 4113; x_wconf 88' lang='lat' dir='ltr'><strong>enim</strong></span> <span class='ocrx_word' id='word_1_384' title='bbox 526 4057 674 4127; x_wconf 83' lang='lat' dir='ltr'><strong>quod</strong></span> <span class='ocrx_word' id='word_1_385' title='bbox 716 4056 802 4111; x_wconf 84' lang='lat' dir='ltr'><strong>lex</strong></span> <span class='ocrx_word' id='word_1_386' title='bbox 829 4057 952 4119; x_wconf 87' lang='lat' dir='ltr'><strong>dat,</strong></span> <span class='ocrx_word' id='word_1_387' title='bbox 981 4059 1072 4109; x_wconf 86' lang='lat' dir='ltr'><strong>aut</strong></span> <span class='ocrx_word' id='word_1_388' title='bbox 1103 4050 1400 4125; x_wconf 85' lang='lat' dir='ltr'><strong>permittit,</strong></span> 
     </span>
     <span class='ocr_line' id='line_1_52' title="bbox 127 4130 1404 4207; baseline -0.002 -20"><span class='ocrx_word' id='word_1_389' title='bbox 127 4130 242 4187; x_wconf 69' lang='lat' dir='ltr'><strong>esum</strong></span> <span class='ocrx_word' id='word_1_390' title='bbox 266 4135 428 4207; x_wconf 82' lang='lat' dir='ltr'><strong>accipi</strong></span> <span class='ocrx_word' id='word_1_391' title='bbox 453 4134 642 4205; x_wconf 76' lang='lat' dir='ltr'><strong>jubet,</strong></span> <span class='ocrx_word' id='word_1_392' title='bbox 670 4142 764 4189; x_wconf 87' lang='lat' dir='ltr'><strong>aut</strong></span> <span class='ocrx_word' id='word_1_393' title='bbox 802 4130 1083 4189; x_wconf 80' lang='lat' dir='ltr'><strong>detrectari</strong></span> <span class='ocrx_word' id='word_1_394' title='bbox 1113 4136 1274 4186; x_wconf 68' lang='lat' dir='ltr'><strong>vetat.</strong></span> <span class='ocrx_word' id='word_1_395' title='bbox 1297 4130 1404 4185; x_wconf 90' lang='lat' dir='ltr'><strong>To-</strong></span> 
     </span>
     <span class='ocr_line' id='line_1_53' title="bbox 40 4207 1401 4287; baseline -0.003 -21"><span class='ocrx_word' id='word_1_396' title='bbox 40 4234 44 4245; x_wconf 82' lang='lat'><em>·</em></span> <span class='ocrx_word' id='word_1_397' title='bbox 131 4209 206 4265; x_wconf 66' lang='lat' dir='ltr'><strong>ium</strong></span> <span class='ocrx_word' id='word_1_398' title='bbox 228 4212 316 4268; x_wconf 89' lang='lat' dir='ltr'><strong>hoc</strong></span> <span class='ocrx_word' id='word_1_399' title='bbox 342 4214 674 4287; x_wconf 84' lang='lat' dir='ltr'><strong>permittere,</strong></span> <span class='ocrx_word' id='word_1_400' title='bbox 697 4213 1004 4273; x_wconf 86' lang='lat' dir='ltr'><strong>concedere,</strong></span> <span class='ocrx_word' id='word_1_401' title='bbox 1029 4207 1276 4265; x_wconf 83' lang='lat' dir='ltr'><strong>beneficii</strong></span> <span class='ocrx_word' id='word_1_402' title='bbox 1306 4216 1401 4263; x_wconf 87' lang='lat' dir='ltr'><strong>est.</strong></span> 
     </span>
     <span class='ocr_line' id='line_1_54' title="bbox 131 4282 1402 4349; baseline 0.002 -10"><span class='ocrx_word' id='word_1_403' title='bbox 131 4282 256 4344; x_wconf 74' lang='lat' dir='ltr'><strong>invito</strong></span> <span class='ocrx_word' id='word_1_404' title='bbox 291 4292 622 4349; x_wconf 78' lang='lat' dir='ltr'><strong>beneficium</strong></span> <span class='ocrx_word' id='word_1_405' title='bbox 662 4306 770 4345; x_wconf 88' lang='lat' dir='ltr'><strong>non</strong></span> <span class='ocrx_word' id='word_1_406' title='bbox 811 4290 986 4345; x_wconf 90' lang='lat' dir='ltr'><strong>datur.</strong></span> <span class='ocrx_word' id='word_1_407' title='bbox 1018 4288 1075 4343; x_wconf 92' lang='lat' dir='ltr'><strong>L.</strong></span> <span class='ocrx_word' id='word_1_408' title='bbox 1110 4290 1308 4349; x_wconf 73' lang='lat' dir='ltr'><strong>invito,</strong></span> <span class='ocrx_word' id='word_1_409' title='bbox 1335 4287 1402 4341; x_wconf 91' lang='lat' dir='ltr'><strong>D.</strong></span> 
     </span>
     <span class='ocr_line' id='line_1_55' title="bbox 133 4360 1404 4439; baseline -0.006 -13"><span class='ocrx_word' id='word_1_410' title='bbox 133 4360 362 4437; x_wconf 59' lang='lat' dir='ltr'><strong>&amp;ranulis</strong></span> <span class='ocrx_word' id='word_1_411' title='bbox 393 4372 519 4439; x_wconf 79' lang='lat' dir='ltr'><strong>jur.</strong></span> <span class='ocrx_word' id='word_1_412' title='bbox 558 4370 714 4436; x_wconf 88' lang='lat' dir='ltr'><strong>Quod</strong></span> <span class='ocrx_word' id='word_1_413' title='bbox 741 4366 786 4424; x_wconf 91' lang='lat' dir='ltr'><strong>si</strong></span> <span class='ocrx_word' id='word_1_414' title='bbox 811 4367 938 4438; x_wconf 84' lang='lat' dir='ltr'><strong>quis</strong></span> <span class='ocrx_word' id='word_1_415' title='bbox 977 4365 1213 4437; x_wconf 86' lang='lat' dir='ltr'><strong>accipere</strong></span> <span class='ocrx_word' id='word_1_416' title='bbox 1248 4380 1404 4434; x_wconf 76' lang='lat' dir='ltr'><strong>coga-</strong></span> 
     </span>
     <span class='ocr_line' id='line_1_56' title="bbox 133 4442 1404 4519; baseline 0.001 -21"><span class='ocrx_word' id='word_1_417' title='bbox 133 4444 210 4497; x_wconf 72' lang='lat' dir='ltr'><strong>tur:</strong></span> <span class='ocrx_word' id='word_1_418' title='bbox 231 4445 442 4511; x_wconf 79' lang='lat' dir='ltr'><strong>vis‚aut</strong></span> <span class='ocrx_word' id='word_1_419' title='bbox 469 4447 672 4519; x_wconf 82' lang='lat' dir='ltr'><strong>injuria</strong></span> <span class='ocrx_word' id='word_1_420' title='bbox 697 4445 886 4511; x_wconf 82' lang='lat' dir='ltr'><strong>fuerit,</strong></span> <span class='ocrx_word' id='word_1_421' title='bbox 913 4462 1022 4500; x_wconf 91' lang='lat' dir='ltr'><strong>non</strong></span> <span class='ocrx_word' id='word_1_422' title='bbox 1063 4442 1404 4500; x_wconf 83' lang='lat' dir='ltr'><strong>beneficium.</strong></span> 
     </span>
     <span class='ocr_line' id='line_1_57' title="bbox 134 4514 1404 4595; baseline -0.005 -14"><span class='ocrx_word' id='word_1_423' title='bbox 134 4514 324 4595; x_wconf 72' lang='lat' dir='ltr'><strong>Denique</strong></span> <span class='ocrx_word' id='word_1_424' title='bbox 349 4527 602 4581; x_wconf 72' lang='lat' dir='ltr'><strong>voluntas</strong></span> <span class='ocrx_word' id='word_1_425' title='bbox 625 4524 760 4595; x_wconf 78' lang='lat' dir='ltr'><strong>legis</strong></span> <span class='ocrx_word' id='word_1_426' title='bbox 783 4523 1144 4595; x_wconf 74' lang='lat' dir='ltr'><strong>permittentis</strong></span> <span class='ocrx_word' id='word_1_427' title='bbox 1167 4522 1281 4577; x_wconf 69' lang='lat' dir='ltr'><strong>haec</strong></span> <span class='ocrx_word' id='word_1_428' title='bbox 1295 4527 1404 4585; x_wconf 89' lang='lat' dir='ltr'><strong>est,</strong></span> 
     </span>
     <span class='ocr_line' id='line_1_58' title="bbox 40 4598 1404 4676; baseline 0.004 -28"><span class='ocrx_word' id='word_1_429' title='bbox 40 4606 42 4611; x_wconf 81' lang='grc'><strong>’</strong></span> <span class='ocrx_word' id='word_1_430' title='bbox 133 4598 352 4664; x_wconf 79' lang='lat' dir='ltr'><strong>nis‚eni</strong></span> <span class='ocrx_word' id='word_1_431' title='bbox 377 4604 520 4676; x_wconf 85' lang='lat' dir='ltr'><strong>quid</strong></span> <span class='ocrx_word' id='word_1_432' title='bbox 557 4603 922 4676; x_wconf 79' lang='lat' dir='ltr'><strong>permittitur,</strong></span> <span class='ocrx_word' id='word_1_433' title='bbox 961 4602 1219 4672; x_wconf 81' lang='lat' dir='ltr'><strong>accipiat,</strong></span> <span class='ocrx_word' id='word_1_434' title='bbox 1243 4598 1286 4655; x_wconf 86' lang='lat' dir='ltr'><strong>si</strong></span> <span class='ocrx_word' id='word_1_435' title='bbox 1315 4614 1404 4653; x_wconf 86' lang='lat' dir='ltr'><strong>ve-</strong></span> 
     </span>
     <span class='ocr_line' id='line_1_59' title="bbox 40 4672 1407 4753; baseline 0.004 -27"><span class='ocrx_word' id='word_1_436' title='bbox 40 4674 43 4731; x_wconf 80' lang='grc' dir='ltr'>ἰ</span> <span class='ocrx_word' id='word_1_437' title='bbox 131 4672 198 4730; x_wconf 86' lang='lat' dir='ltr'><strong>lit:</strong></span> <span class='ocrx_word' id='word_1_438' title='bbox 228 4696 326 4737; x_wconf 89' lang='lat' dir='ltr'><strong>non</strong></span> <span class='ocrx_word' id='word_1_439' title='bbox 363 4684 534 4739; x_wconf 88' lang='lat' dir='ltr'><strong>etiam</strong></span> <span class='ocrx_word' id='word_1_440' title='bbox 573 4684 630 4738; x_wconf 79' lang='lat' dir='ltr'><strong>ut</strong></span> <span class='ocrx_word' id='word_1_441' title='bbox 672 4680 909 4753; x_wconf 83' lang='lat' dir='ltr'><strong>accipere</strong></span> <span class='ocrx_word' id='word_1_442' title='bbox 947 4680 1144 4736; x_wconf 84' lang='lat' dir='ltr'><strong>haheat</strong></span> <span class='ocrx_word' id='word_1_443' title='bbox 1184 4692 1407 4733; x_wconf 85' lang='lat' dir='ltr'><strong>necesse.</strong></span> 
     </span>
     <span class='ocr_line' id='line_1_60' title="bbox 40 4748 1407 4833; baseline -0.001 -20"><span class='ocrx_word' id='word_1_444' title='bbox 40 4760 42 4763; x_wconf 77' lang='grc'>’</span> <span class='ocrx_word' id='word_1_445' title='bbox 133 4748 231 4812; x_wconf 69' lang='lat' dir='ltr'><strong>lude</strong></span> <span class='ocrx_word' id='word_1_446' title='bbox 254 4758 454 4817; x_wconf 82' lang='lat' dir='ltr'><strong>dietum</strong></span> <span class='ocrx_word' id='word_1_447' title='bbox 475 4802 492 4826; x_wconf 92' lang='lat'>,</span> <span class='ocrx_word' id='word_1_448' title='bbox 517 4760 676 4819; x_wconf 88' lang='lat' dir='ltr'><strong>licere</strong></span> <span class='ocrx_word' id='word_1_449' title='bbox 710 4757 1006 4833; x_wconf 88' lang='lat' dir='ltr'><strong>unicuique</strong></span> <span class='ocrx_word' id='word_1_450' title='bbox 1029 4756 1140 4829; x_wconf 80' lang='lat' dir='ltr'><strong>juri</strong></span> <span class='ocrx_word' id='word_1_451' title='bbox 1165 4773 1288 4822; x_wconf 85' lang='lat' dir='ltr'><strong>sue,</strong></span> <span class='ocrx_word' id='word_1_452' title='bbox 1311 4772 1407 4813; x_wconf 77' lang='lat' dir='ltr'><strong>seu</strong></span> 
     </span>
    </p>
   </div>
   <div class='ocr_carea' id='block_1_8' title="bbox 824 193 2066 256">
    <p class='ocr_par' dir='ltr' id='par_1_11' title="bbox 824 193 2066 256">
     <span class='ocr_line' id='line_1_61' title="bbox 824 193 2066 256; baseline 0.001 -3"><span class='ocrx_word' id='word_1_453' title='bbox 824 193 920 256; x_wconf 82' lang='lat' dir='ltr'><strong>DE</strong></span> <span class='ocrx_word' id='word_1_454' title='bbox 953 193 1136 256; x_wconf 68' lang='lat' dir='ltr'><strong>nme</strong></span> <span class='ocrx_word' id='word_1_455' title='bbox 1173 194 1392 256; x_wconf 79' lang='lat' dir='ltr'><strong>ctvm</strong></span> <span class='ocrx_word' id='word_1_456' title='bbox 1433 195 1566 256; x_wconf 76' lang='lat' dir='ltr'><strong>Lm.</strong></span> <span class='ocrx_word' id='word_1_457' title='bbox 1607 194 1648 254; x_wconf 89' lang='lat'><strong><em>1.</em></strong></span> <span class='ocrx_word' id='word_1_458' title='bbox 1688 194 1842 256; x_wconf 77' lang='lat' dir='ltr'><strong><em>CAP.</em></strong></span> <span class='ocrx_word' id='word_1_459' title='bbox 1881 194 2066 256; x_wconf 84' lang='lat' dir='ltr'><strong>xvn.</strong></span> 
     </span>
    </p>
   </div>
   <div class='ocr_carea' id='block_1_9' title="bbox 2323 0 2855 4">
    <p class='ocr_par' dir='ltr' id='par_1_12' title="bbox 2323 0 2855 4">
     <span class='ocr_line' id='line_1_62' title="bbox 2323 0 2855 4; baseline 0 0"><span class='ocrx_word' id='word_1_460' title='bbox 2323 0 2855 4; x_wconf 95' lang='lat' dir='ltr'><strong> </strong></span> 
     </span>
    </p>
   </div>
   <div class='ocr_carea' id='block_1_10' title="bbox 2710 197 2819 258">
    <p class='ocr_par' dir='ltr' id='par_1_13' title="bbox 2710 197 2819 258">
     <span class='ocr_line' id='line_1_63' title="bbox 2710 197 2819 258; baseline 0 0"><span class='ocrx_word' id='word_1_461' title='bbox 2710 197 2819 258; x_wconf 72' lang='lat'><strong>150</strong></span> 
     </span>
    </p>
   </div>
   <div class='ocr_carea' id='block_1_11' title="bbox 1473 301 2855 3027">
    <p class='ocr_par' dir='ltr' id='par_1_14' title="bbox 1473 301 2823 1001">
     <span class='ocr_line' id='line_1_64' title="bbox 1481 301 2821 374; baseline 0.002 -17"><span class='ocrx_word' id='word_1_462' title='bbox 1481 302 1580 366; x_wconf 83' lang='lat' dir='ltr'><strong>iis,</strong></span> <span class='ocrx_word' id='word_1_463' title='bbox 1603 317 1725 373; x_wconf 78' lang='lat' dir='ltr'><strong>quoe</strong></span> <span class='ocrx_word' id='word_1_464' title='bbox 1750 319 1847 374; x_wconf 82' lang='lat' dir='ltr'><strong>pro</strong></span> <span class='ocrx_word' id='word_1_465' title='bbox 1868 319 1923 358; x_wconf 85' lang='lat' dir='ltr'><strong>se</strong></span> <span class='ocrx_word' id='word_1_466' title='bbox 1948 301 2255 360; x_wconf 84' lang='lat' dir='ltr'><strong>introducta</strong></span> <span class='ocrx_word' id='word_1_467' title='bbox 2282 307 2411 358; x_wconf 76' lang='lat' dir='ltr'><strong>sunt</strong></span> <span class='ocrx_word' id='word_1_468' title='bbox 2434 341 2451 368; x_wconf 85' lang='lat'><em>,</em></span> <span class='ocrx_word' id='word_1_469' title='bbox 2476 301 2821 367; x_wconf 86' lang='lat' dir='ltr'><strong>renuntiare,</strong></span> 
     </span>
     <span class='ocr_line' id='line_1_65' title="bbox 1482 377 2823 452; baseline 0.002 -16"><span class='ocrx_word' id='word_1_470' title='bbox 1482 377 1542 436; x_wconf 81' lang='lat' dir='ltr'><strong>L.</strong></span> <span class='ocrx_word' id='word_1_471' title='bbox 1565 384 1614 436; x_wconf 75' lang='lat' dir='ltr'><strong>si</strong></span> <span class='ocrx_word' id='word_1_472' title='bbox 1626 379 1805 451; x_wconf 69' lang='lat' dir='ltr'><strong>jveaex</strong></span> <span class='ocrx_word' id='word_1_473' title='bbox 1821 421 1834 442; x_wconf 88' lang='lat'><strong>.</strong></span> <span class='ocrx_word' id='word_1_474' title='bbox 1861 381 1929 436; x_wconf 88' lang='lat' dir='ltr'><strong>D.</strong></span> <span class='ocrx_word' id='word_1_475' title='bbox 1952 379 2015 438; x_wconf 77' lang='lat' dir='ltr'><strong>de</strong></span> <span class='ocrx_word' id='word_1_476' title='bbox 2055 383 2243 438; x_wconf 71' lang='grc' dir='ltr'><strong>ηιίποτ.</strong></span> <span class='ocrx_word' id='word_1_477' title='bbox 2270 381 2334 438; x_wconf 88' lang='lat' dir='ltr'><strong>L.</strong></span> <span class='ocrx_word' id='word_1_478' title='bbox 2352 382 2565 452; x_wconf 75' lang='lat' dir='ltr'><strong>penult.</strong></span> <span class='ocrx_word' id='word_1_479' title='bbox 2610 381 2735 438; x_wconf 80' lang='lat' dir='ltr'><strong>Cod.</strong></span> <span class='ocrx_word' id='word_1_480' title='bbox 2756 383 2823 438; x_wconf 72' lang='lat' dir='ltr'><strong>do</strong></span> 
     </span>
     <span class='ocr_line' id='line_1_66' title="bbox 1473 456 2821 532; baseline 0.002 -21"><span class='ocrx_word' id='word_1_481' title='bbox 1473 465 1617 528; x_wconf 78' lang='lat' dir='ltr'><strong>pact.</strong></span> <span class='ocrx_word' id='word_1_482' title='bbox 1656 474 1850 530; x_wconf 84' lang='lat' dir='ltr'><strong>nempe</strong></span> <span class='ocrx_word' id='word_1_483' title='bbox 1890 459 2131 530; x_wconf 86' lang='lat' dir='ltr'><strong>impune.</strong></span> <span class='ocrx_word' id='word_1_484' title='bbox 2180 459 2324 516; x_wconf 85' lang='lat' dir='ltr'><strong>Nam</strong></span> <span class='ocrx_word' id='word_1_485' title='bbox 2378 456 2687 532; x_wconf 80' lang='lat' dir='ltr'><strong>quod&#39;jure</strong></span> <span class='ocrx_word' id='word_1_486' title='bbox 2726 461 2821 526; x_wconf 84' lang='lat' dir='ltr'><strong>fit,</strong></span> 
     </span>
     <span class='ocr_line' id='line_1_67' title="bbox 1487 537 2821 610; baseline 0.001 -18"><span class='ocrx_word' id='word_1_487' title='bbox 1487 551 1703 608; x_wconf 84' lang='lat' dir='ltr'><strong>poenam</strong></span> <span class='ocrx_word' id='word_1_488' title='bbox 1730 553 1843 594; x_wconf 89' lang='lat' dir='ltr'><strong>non</strong></span> <span class='ocrx_word' id='word_1_489' title='bbox 1867 544 2121 594; x_wconf 87' lang='lat' dir='ltr'><strong>meretur.</strong></span> <span class='ocrx_word' id='word_1_490' title='bbox 2142 539 2195 594; x_wconf 87' lang='lat' dir='ltr'><strong>L.</strong></span> <span class='ocrx_word' id='word_1_491' title='bbox 2213 537 2478 598; x_wconf 61' lang='lat' dir='ltr'><strong>Graecam</strong></span> <span class='ocrx_word' id='word_1_492' title='bbox 2494 577 2509 602; x_wconf 94' lang='lat'>‚</span> <span class='ocrx_word' id='word_1_493' title='bbox 2524 537 2582 596; x_wconf 84' lang='lat' dir='ltr'><strong>C.</strong></span> <span class='ocrx_word' id='word_1_494' title='bbox 2598 539 2672 594; x_wconf 78' lang='lat' dir='ltr'><strong>ad</strong></span> <span class='ocrx_word' id='word_1_495' title='bbox 2692 541 2821 610; x_wconf 68' lang='lat' dir='ltr'><strong>Lea.</strong></span> 
     </span>
     <span class='ocr_line' id='line_1_68' title="bbox 1487 614 2823 689; baseline 0.001 -17"><span class='ocrx_word' id='word_1_496' title='bbox 1487 614 1603 672; x_wconf 76' lang='lat' dir='ltr'><strong>lul.</strong></span> <span class='ocrx_word' id='word_1_497' title='bbox 1627 615 1691 671; x_wconf 75' lang='lat' dir='ltr'><strong>de</strong></span> <span class='ocrx_word' id='word_1_498' title='bbox 1732 615 1961 672; x_wconf 74' lang='lat' dir='ltr'><strong>adulter.</strong></span> <span class='ocrx_word' id='word_1_499' title='bbox 1998 616 2131 684; x_wconf 81' lang='lat' dir='ltr'><strong>Quae</strong></span> <span class='ocrx_word' id='word_1_500' title='bbox 2172 632 2257 674; x_wconf 80' lang='lat' dir='ltr'><strong>res</strong></span> <span class='ocrx_word' id='word_1_501' title='bbox 2297 615 2469 682; x_wconf 80' lang='lat' dir='ltr'><strong>facit,</strong></span> <span class='ocrx_word' id='word_1_502' title='bbox 2494 622 2588 681; x_wconf 86' lang='lat' dir='ltr'><strong>ut,</strong></span> <span class='ocrx_word' id='word_1_503' title='bbox 2610 616 2659 674; x_wconf 81' lang='lat' dir='ltr'><strong>si</strong></span> <span class='ocrx_word' id='word_1_504' title='bbox 2696 615 2823 689; x_wconf 81' lang='lat' dir='ltr'><strong>quis</strong></span> 
     </span>
     <span class='ocr_line' id='line_1_69' title="bbox 1488 690 2821 768; baseline 0.003 -20"><span class='ocrx_word' id='word_1_505' title='bbox 1488 690 1538 748; x_wconf 85' lang='lat' dir='ltr'><strong>ei</strong></span> <span class='ocrx_word' id='word_1_506' title='bbox 1573 691 1685 762; x_wconf 85' lang='lat' dir='ltr'><strong>juri</strong></span> <span class='ocrx_word' id='word_1_507' title='bbox 1724 699 1877 765; x_wconf 84' lang='lat' dir='ltr'><strong>pacto</strong></span> <span class='ocrx_word' id='word_1_508' title='bbox 1916 693 2219 760; x_wconf 83' lang='lat' dir='ltr'><strong>renuntiet,</strong></span> <span class='ocrx_word' id='word_1_509' title='bbox 2260 700 2485 768; x_wconf 84' lang='lat' dir='ltr'><strong>pactum</strong></span> <span class='ocrx_word' id='word_1_510' title='bbox 2525 694 2719 751; x_wconf 85' lang='lat' dir='ltr'><strong>valeat.</strong></span> <span class='ocrx_word' id='word_1_511' title='bbox 2758 695 2821 752; x_wconf 80' lang='lat' dir='ltr'><strong>I..</strong></span> 
     </span>
     <span class='ocr_line' id='line_1_70' title="bbox 1477 773 2820 843; baseline 0.002 -18"><span class='ocrx_word' id='word_1_512' title='bbox 1477 781 1697 840; x_wconf 77' lang='lat' dir='ltr'><strong>pactum</strong></span> <span class='ocrx_word' id='word_1_513' title='bbox 1712 813 1729 836; x_wconf 86' lang='lat'>,</span> <span class='ocrx_word' id='word_1_514' title='bbox 1768 773 1837 828; x_wconf 87' lang='lat' dir='ltr'><strong>D.</strong></span> <span class='ocrx_word' id='word_1_515' title='bbox 1888 773 1951 828; x_wconf 79' lang='lat' dir='ltr'><strong>de</strong></span> <span class='ocrx_word' id='word_1_516' title='bbox 1992 778 2183 843; x_wconf 74' lang='lat' dir='ltr'><strong>pactis.</strong></span> <span class='ocrx_word' id='word_1_517' title='bbox 2221 774 2379 842; x_wconf 86' lang='lat' dir='ltr'><strong>Quod</strong></span> <span class='ocrx_word' id='word_1_518' title='bbox 2418 773 2665 829; x_wconf 81' lang='lat' dir='ltr'><strong>futurum</strong></span> <span class='ocrx_word' id='word_1_519' title='bbox 2706 789 2820 830; x_wconf 89' lang='lat' dir='ltr'><strong>non</strong></span> 
     </span>
     <span class='ocr_line' id='line_1_71' title="bbox 1489 849 2821 922; baseline 0.002 -16"><span class='ocrx_word' id='word_1_520' title='bbox 1489 855 1621 906; x_wconf 85' lang='lat' dir='ltr'><strong>esset</strong></span> <span class='ocrx_word' id='word_1_521' title='bbox 1639 891 1653 914; x_wconf 92' lang='lat'>,</span> <span class='ocrx_word' id='word_1_522' title='bbox 1678 849 1723 906; x_wconf 85' lang='lat' dir='ltr'><strong>si</strong></span> <span class='ocrx_word' id='word_1_523' title='bbox 1756 856 1971 922; x_wconf 85' lang='lat' dir='ltr'><strong>paetum</strong></span> <span class='ocrx_word' id='word_1_524' title='bbox 2015 857 2147 908; x_wconf 85' lang='lat' dir='ltr'><strong>esset</strong></span> <span class='ocrx_word' id='word_1_525' title='bbox 2186 857 2373 908; x_wconf 87' lang='lat' dir='ltr'><strong>contra</strong></span> <span class='ocrx_word' id='word_1_526' title='bbox 2404 853 2561 922; x_wconf 83' lang='lat' dir='ltr'><strong>leges.</strong></span> <span class='ocrx_word' id='word_1_527' title='bbox 2590 849 2648 907; x_wconf 82' lang='lat' dir='ltr'><strong><em>L.</em></strong></span> <span class='ocrx_word' id='word_1_528' title='bbox 2668 855 2821 922; x_wconf 61' lang='lat' dir='ltr'><strong>jnd-</strong></span> 
     </span>
     <span class='ocr_line' id='line_1_72' title="bbox 1489 929 2229 1001; baseline 0.008 -21"><span class='ocrx_word' id='word_1_529' title='bbox 1489 931 1751 998; x_wconf 71' lang='lat' dir='ltr'><strong>sqentium</strong></span> <span class='ocrx_word' id='word_1_530' title='bbox 1769 969 1785 992; x_wconf 91' lang='lat'><strong>‚</strong></span> <span class='ocrx_word' id='word_1_531' title='bbox 1810 931 1867 1001; x_wconf 69' lang='lat' dir='ltr'><strong>S.</strong></span> <span class='ocrx_word' id='word_1_532' title='bbox 1894 933 1997 995; x_wconf 80' lang='lat' dir='ltr'><strong>ait,</strong></span> <span class='ocrx_word' id='word_1_533' title='bbox 2025 929 2093 986; x_wconf 86' lang='lat' dir='ltr'><strong>D.</strong></span> <span class='ocrx_word' id='word_1_534' title='bbox 2120 933 2229 990; x_wconf 80' lang='lat' dir='ltr'><strong>eod.</strong></span> 
     </span>
    </p>

    <p class='ocr_par' dir='ltr' id='par_1_15' title="bbox 1489 1006 2855 2012">
     <span class='ocr_line' id='line_1_73' title="bbox 1567 1006 2820 1080; baseline 0.002 -18"><span class='ocrx_word' id='word_1_535' title='bbox 1567 1006 1665 1062; x_wconf 86' lang='lat' dir='ltr'><strong>lv.</strong></span> <span class='ocrx_word' id='word_1_536' title='bbox 1688 1006 1973 1080; x_wconf 85' lang='lat' dir='ltr'><strong>Quidquid</strong></span> <span class='ocrx_word' id='word_1_537' title='bbox 2014 1009 2269 1064; x_wconf 79' lang='lat' dir='ltr'><strong>adversus</strong></span> <span class='ocrx_word' id='word_1_538' title='bbox 2308 1007 2481 1078; x_wconf 79' lang='lat' dir='ltr'><strong>legem</strong></span> <span class='ocrx_word' id='word_1_539' title='bbox 2522 1007 2820 1064; x_wconf 87' lang='lat' dir='ltr'><strong>committi-</strong></span> 
     </span>
     <span class='ocr_line' id='line_1_74' title="bbox 1491 1083 2819 1158; baseline 0.005 -22"><span class='ocrx_word' id='word_1_540' title='bbox 1491 1085 1598 1144; x_wconf 84' lang='lat' dir='ltr'><strong>tur.</strong></span> <span class='ocrx_word' id='word_1_541' title='bbox 1624 1083 1693 1138; x_wconf 88' lang='lat' dir='ltr'><strong>dc</strong></span> <span class='ocrx_word' id='word_1_542' title='bbox 1716 1097 1825 1154; x_wconf 82' lang='lat' dir='ltr'><strong>quo</strong></span> <span class='ocrx_word' id='word_1_543' title='bbox 1848 1087 2083 1144; x_wconf 75' lang='lat' dir='ltr'><strong>secundo</strong></span> <span class='ocrx_word' id='word_1_544' title='bbox 2108 1087 2225 1144; x_wconf 86' lang='lat' dir='ltr'><strong>loco</strong></span> <span class='ocrx_word' id='word_1_545' title='bbox 2252 1087 2645 1156; x_wconf 75' lang='lat' dir='ltr'><strong>quaerebamus,</strong></span> <span class='ocrx_word' id='word_1_546' title='bbox 2660 1102 2819 1158; x_wconf 81' lang='lat' dir='ltr'><strong>poena</strong></span> 
     </span>
     <span class='ocr_line' id='line_1_75' title="bbox 1493 1157 2821 1234; baseline 0.005 -21"><span class='ocrx_word' id='word_1_547' title='bbox 1493 1157 1748 1230; x_wconf 83' lang='lat' dir='ltr'><strong>adjuncta</strong></span> <span class='ocrx_word' id='word_1_548' title='bbox 1773 1166 1851 1216; x_wconf 88' lang='lat' dir='ltr'><strong>est</strong></span> <span class='ocrx_word' id='word_1_549' title='bbox 1876 1162 1991 1218; x_wconf 88' lang='lat' dir='ltr'><strong>sine</strong></span> <span class='ocrx_word' id='word_1_550' title='bbox 2006 1160 2316 1234; x_wconf 85' lang='lat' dir='ltr'><strong>exceptione</strong></span> <span class='ocrx_word' id='word_1_551' title='bbox 2335 1161 2392 1217; x_wconf 90' lang='lat' dir='ltr'><strong>in</strong></span> <span class='ocrx_word' id='word_1_552' title='bbox 2418 1162 2618 1219; x_wconf 81' lang='lat' dir='ltr'><strong>caussis</strong></span> <span class='ocrx_word' id='word_1_553' title='bbox 2640 1165 2821 1219; x_wconf 88' lang='lat' dir='ltr'><strong>omni-</strong></span> 
     </span>
     <span class='ocr_line' id='line_1_76' title="bbox 1494 1237 2817 1306; baseline 0.003 -14"><span class='ocrx_word' id='word_1_554' title='bbox 1494 1237 1610 1302; x_wconf 88' lang='lat' dir='ltr'><strong>bus,</strong></span> <span class='ocrx_word' id='word_1_555' title='bbox 1642 1237 1697 1294; x_wconf 89' lang='lat' dir='ltr'><strong>id</strong></span> <span class='ocrx_word' id='word_1_556' title='bbox 1722 1246 1800 1296; x_wconf 88' lang='lat' dir='ltr'><strong>est</strong></span> <span class='ocrx_word' id='word_1_557' title='bbox 1826 1257 1933 1296; x_wconf 89' lang='lat' dir='ltr'><strong>non</strong></span> <span class='ocrx_word' id='word_1_558' title='bbox 1962 1245 2173 1296; x_wconf 90' lang='lat' dir='ltr'><strong>tantum</strong></span> <span class='ocrx_word' id='word_1_559' title='bbox 2204 1238 2261 1296; x_wconf 90' lang='lat' dir='ltr'><strong>in</strong></span> <span class='ocrx_word' id='word_1_560' title='bbox 2288 1240 2623 1306; x_wconf 87' lang='lat' dir='ltr'><strong>delictis‚sed</strong></span> <span class='ocrx_word' id='word_1_561' title='bbox 2652 1241 2817 1296; x_wconf 89' lang='lat' dir='ltr'><strong>etiam</strong></span> 
     </span>
     <span class='ocr_line' id='line_1_77' title="bbox 1493 1313 2820 1386; baseline 0.004 -15"><span class='ocrx_word' id='word_1_562' title='bbox 1493 1313 1552 1371; x_wconf 90' lang='lat' dir='ltr'><strong>in</strong></span> <span class='ocrx_word' id='word_1_563' title='bbox 1595 1315 1931 1386; x_wconf 79' lang='lat' dir='ltr'><strong>negotiorum</strong></span> <span class='ocrx_word' id='word_1_564' title='bbox 1974 1317 2462 1376; x_wconf 84' lang='lat' dir='ltr'><strong>administratione.</strong></span> <span class='ocrx_word' id='word_1_565' title='bbox 2500 1321 2565 1374; x_wconf 89' lang='lat' dir='ltr'><strong>ln</strong></span> <span class='ocrx_word' id='word_1_566' title='bbox 2605 1319 2820 1376; x_wconf 81' lang='lat' dir='ltr'><strong>delictis</strong></span> 
     </span>
     <span class='ocr_line' id='line_1_78' title="bbox 1492 1395 2855 1468; baseline 0.004 -20"><span class='ocrx_word' id='word_1_567' title='bbox 1492 1395 1715 1464; x_wconf 87' lang='lat' dir='ltr'><strong>quidem</strong></span> <span class='ocrx_word' id='word_1_568' title='bbox 1756 1401 1997 1464; x_wconf 85' lang='lat' dir='ltr'><strong>constat,</strong></span> <span class='ocrx_word' id='word_1_569' title='bbox 2034 1395 2148 1453; x_wconf 84' lang='lat' dir='ltr'><strong>sive</strong></span> <span class='ocrx_word' id='word_1_570' title='bbox 2198 1397 2311 1454; x_wconf 84' lang='lat' dir='ltr'><strong>haec</strong></span> <span class='ocrx_word' id='word_1_571' title='bbox 2348 1401 2535 1468; x_wconf 87' lang='lat' dir='ltr'><strong>sponte</strong></span> <span class='ocrx_word' id='word_1_572' title='bbox 2586 1397 2819 1454; x_wconf 86' lang='lat' dir='ltr'><strong>admissa</strong></span> <span class='ocrx_word' id='word_1_573' title='bbox 2852 1415 2855 1420; x_wconf 91' lang='lat'>·</span> 
     </span>
     <span class='ocr_line' id='line_1_79' title="bbox 1493 1472 2821 1546; baseline 0.002 -18"><span class='ocrx_word' id='word_1_574' title='bbox 1493 1478 1651 1536; x_wconf 82' lang='lat' dir='ltr'><strong>sunt,</strong></span> <span class='ocrx_word' id='word_1_575' title='bbox 1677 1472 1791 1530; x_wconf 84' lang='lat' dir='ltr'><strong>sive</strong></span> <span class='ocrx_word' id='word_1_576' title='bbox 1830 1473 2156 1546; x_wconf 81' lang='lat' dir='ltr'><strong>ignorantia.</strong></span> <span class='ocrx_word' id='word_1_577' title='bbox 2194 1473 2351 1530; x_wconf 89' lang='lat' dir='ltr'><strong>Unde</strong></span> <span class='ocrx_word' id='word_1_578' title='bbox 2390 1475 2479 1530; x_wconf 87' lang='lat' dir='ltr'><strong>lex</strong></span> <span class='ocrx_word' id='word_1_579' title='bbox 2518 1475 2661 1532; x_wconf 89' lang='lat' dir='ltr'><strong>dicta</strong></span> <span class='ocrx_word' id='word_1_580' title='bbox 2686 1477 2821 1532; x_wconf 79' lang='lat' dir='ltr'><strong>deli-</strong></span> 
     </span>
     <span class='ocr_line' id='line_1_80' title="bbox 1491 1555 2821 1624; baseline 0.005 -20"><span class='ocrx_word' id='word_1_581' title='bbox 1491 1559 1718 1613; x_wconf 78' lang='lat' dir='ltr'><strong>ctorum,</strong></span> <span class='ocrx_word' id='word_1_582' title='bbox 1743 1565 1858 1622; x_wconf 75' lang='lat' dir='ltr'><strong>quo</strong></span> <span class='ocrx_word' id='word_1_583' title='bbox 1896 1561 2071 1622; x_wconf 68' lang='lat' dir='ltr'><strong>sponte</strong></span> <span class='ocrx_word' id='word_1_584' title='bbox 2091 1593 2104 1616; x_wconf 92' lang='lat'>‚</span> <span class='ocrx_word' id='word_1_585' title='bbox 2142 1555 2228 1608; x_wconf 84' lang='lat' dir='ltr'><strong>vel</strong></span> <span class='ocrx_word' id='word_1_586' title='bbox 2264 1557 2577 1624; x_wconf 74' lang='lat' dir='ltr'><strong>iqnomntia</strong></span> <span class='ocrx_word' id='word_1_587' title='bbox 2610 1559 2821 1610; x_wconf 79' lang='lat' dir='ltr'><strong>contra-</strong></span> 
     </span>
     <span class='ocr_line' id='line_1_81' title="bbox 1493 1627 2816 1702; baseline 0.005 -18"><span class='ocrx_word' id='word_1_588' title='bbox 1493 1627 1725 1698; x_wconf 77' lang='lat' dir='ltr'><strong>huntur,</strong></span> <span class='ocrx_word' id='word_1_589' title='bbox 1749 1635 1991 1686; x_wconf 69' lang='lat' dir='ltr'><strong>coercitt&#39;o.</strong></span> <span class='ocrx_word' id='word_1_590' title='bbox 2018 1631 2080 1686; x_wconf 88' lang='lat' dir='ltr'><strong>L.</strong></span> <span class='ocrx_word' id='word_1_591' title='bbox 2110 1630 2159 1686; x_wconf 80' lang='lat'><strong>1.</strong></span> <span class='ocrx_word' id='word_1_592' title='bbox 2185 1631 2245 1686; x_wconf 91' lang='lat' dir='ltr'><strong><em>L.</em></strong></span> <span class='ocrx_word' id='word_1_593' title='bbox 2272 1633 2327 1688; x_wconf 81' lang='lat'><strong>2.</strong></span> <span class='ocrx_word' id='word_1_594' title='bbox 2354 1632 2421 1688; x_wconf 92' lang='lat' dir='ltr'><strong><em>D.</em></strong></span> <span class='ocrx_word' id='word_1_595' title='bbox 2443 1635 2505 1688; x_wconf 79' lang='lat' dir='ltr'><strong>de</strong></span> <span class='ocrx_word' id='word_1_596' title='bbox 2532 1633 2688 1702; x_wconf 59' lang='lat' dir='ltr'><strong>legib.</strong></span> <span class='ocrx_word' id='word_1_597' title='bbox 2712 1633 2816 1690; x_wconf 85' lang='lat' dir='ltr'><strong>Sed</strong></span> 
     </span>
     <span class='ocr_line' id='line_1_82' title="bbox 1493 1708 2820 1767; baseline 0.003 -5"><span class='ocrx_word' id='word_1_598' title='bbox 1493 1721 1600 1762; x_wconf 89' lang='lat' dir='ltr'><strong>non</strong></span> <span class='ocrx_word' id='word_1_599' title='bbox 1630 1708 1814 1764; x_wconf 90' lang='lat' dir='ltr'><strong>minus</strong></span> <span class='ocrx_word' id='word_1_600' title='bbox 1843 1708 1983 1764; x_wconf 87' lang='lat' dir='ltr'><strong>idem</strong></span> <span class='ocrx_word' id='word_1_601' title='bbox 2012 1710 2075 1764; x_wconf 85' lang='lat' dir='ltr'><strong>tit</strong></span> <span class='ocrx_word' id='word_1_602' title='bbox 2100 1715 2151 1766; x_wconf 90' lang='lat' dir='ltr'><strong>et</strong></span> <span class='ocrx_word' id='word_1_603' title='bbox 2177 1709 2239 1764; x_wconf 90' lang='lat' dir='ltr'><strong>in</strong></span> <span class='ocrx_word' id='word_1_604' title='bbox 2264 1727 2445 1766; x_wconf 87' lang='lat' dir='ltr'><strong>rerum</strong></span> <span class='ocrx_word' id='word_1_605' title='bbox 2471 1710 2820 1767; x_wconf 86' lang='lat' dir='ltr'><strong>administra-</strong></span> 
     </span>
     <span class='ocr_line' id='line_1_83' title="bbox 1493 1784 2818 1860; baseline 0.004 -21"><span class='ocrx_word' id='word_1_606' title='bbox 1493 1784 1641 1843; x_wconf 86' lang='lat' dir='ltr'><strong>tione</strong></span> <span class='ocrx_word' id='word_1_607' title='bbox 1658 1825 1673 1848; x_wconf 86' lang='lat'>,</span> <span class='ocrx_word' id='word_1_608' title='bbox 1698 1786 1811 1844; x_wconf 89' lang='lat' dir='ltr'><strong>sive</strong></span> <span class='ocrx_word' id='word_1_609' title='bbox 1837 1786 1927 1842; x_wconf 85' lang='lat' dir='ltr'><strong>hic</strong></span> <span class='ocrx_word' id='word_1_610' title='bbox 1966 1787 2103 1860; x_wconf 86' lang='lat' dir='ltr'><strong>quid</strong></span> <span class='ocrx_word' id='word_1_611' title='bbox 2130 1787 2330 1844; x_wconf 79' lang='lat' dir='ltr'><strong>factum</strong></span> <span class='ocrx_word' id='word_1_612' title='bbox 2356 1789 2427 1844; x_wconf 86' lang='lat' dir='ltr'><strong>sit</strong></span> <span class='ocrx_word' id='word_1_613' title='bbox 2449 1803 2617 1852; x_wconf 88' lang='lat' dir='ltr'><strong>secus,</strong></span> <span class='ocrx_word' id='word_1_614' title='bbox 2650 1804 2818 1860; x_wconf 84' lang='lat' dir='ltr'><strong>quam</strong></span> 
     </span>
     <span class='ocr_line' id='line_1_84' title="bbox 1489 1863 2818 1996; baseline 0.003 -78"><span class='ocrx_word' id='word_1_615' title='bbox 1489 1879 1587 1996; x_wconf 79' lang='lat' dir='ltr'><strong>¹per</strong></span> <span class='ocrx_word' id='word_1_616' title='bbox 1623 1865 1769 1938; x_wconf 74' lang='lat' dir='ltr'><strong>leges</strong></span> <span class='ocrx_word' id='word_1_617' title='bbox 1805 1863 1963 1931; x_wconf 78' lang='lat' dir='ltr'><strong>lioet3</strong></span> <span class='ocrx_word' id='word_1_618' title='bbox 2001 1864 2115 1922; x_wconf 85' lang='lat' dir='ltr'><strong>sive</strong></span> <span class='ocrx_word' id='word_1_619' title='bbox 2153 1864 2290 1939; x_wconf 86' lang='lat' dir='ltr'><strong>quid</strong></span> <span class='ocrx_word' id='word_1_620' title='bbox 2329 1866 2589 1924; x_wconf 86' lang='lat' dir='ltr'><strong>omissum</strong></span> <span class='ocrx_word' id='word_1_621' title='bbox 2628 1873 2818 1922; x_wconf 86' lang='lat' dir='ltr'><strong>contra</strong></span> 
     </span>
     <span class='ocr_line' id='line_1_85' title="bbox 1513 1949 1649 2012; baseline 0 -12"><span class='ocrx_word' id='word_1_622' title='bbox 1513 1949 1649 2012; x_wconf 74' lang='lat' dir='ltr'><strong>eges.</strong></span> 
     </span>
    </p>

    <p class='ocr_par' dir='ltr' id='par_1_16' title="bbox 1481 2017 2819 2486">
     <span class='ocr_line' id='line_1_86' title="bbox 1568 2017 2816 2092; baseline 0.003 -17"><span class='ocrx_word' id='word_1_623' title='bbox 1568 2021 1637 2076; x_wconf 88' lang='lat' dir='ltr'><strong><em>V.</em></strong></span> <span class='ocrx_word' id='word_1_624' title='bbox 1662 2021 1839 2078; x_wconf 78' lang='lat' dir='ltr'><strong>Poenae</strong></span> <span class='ocrx_word' id='word_1_625' title='bbox 1868 2019 1927 2077; x_wconf 91' lang='lat' dir='ltr'><strong>in</strong></span> <span class='ocrx_word' id='word_1_626' title='bbox 1952 2017 2183 2092; x_wconf 85' lang='lat' dir='ltr'><strong>singulis</strong></span> <span class='ocrx_word' id='word_1_627' title='bbox 2209 2022 2291 2079; x_wconf 81' lang='lat' dir='ltr'><strong>hae</strong></span> <span class='ocrx_word' id='word_1_628' title='bbox 2316 2027 2460 2080; x_wconf 87' lang='lat' dir='ltr'><strong>sunt.</strong></span> <span class='ocrx_word' id='word_1_629' title='bbox 2483 2022 2551 2078; x_wconf 91' lang='lat' dir='ltr'><strong>In</strong></span> <span class='ocrx_word' id='word_1_630' title='bbox 2578 2022 2816 2089; x_wconf 86' lang='lat' dir='ltr'><strong>delictis,</strong></span> 
     </span>
     <span class='ocr_line' id='line_1_87' title="bbox 1488 2097 2815 2174; baseline 0.003 -20"><span class='ocrx_word' id='word_1_631' title='bbox 1488 2103 1550 2154; x_wconf 88' lang='lat' dir='ltr'><strong>ut</strong></span> <span class='ocrx_word' id='word_1_632' title='bbox 1575 2097 1688 2156; x_wconf 85' lang='lat' dir='ltr'><strong>haec</strong></span> <span class='ocrx_word' id='word_1_633' title='bbox 1712 2103 1839 2156; x_wconf 83' lang='lat' dir='ltr'><strong>sunt</strong></span> <span class='ocrx_word' id='word_1_634' title='bbox 1866 2097 2101 2166; x_wconf 85' lang='lat' dir='ltr'><strong>infinita,</strong></span> <span class='ocrx_word' id='word_1_635' title='bbox 2127 2117 2183 2156; x_wconf 86' lang='lat' dir='ltr'><strong>re</strong></span> <span class='ocrx_word' id='word_1_636' title='bbox 2208 2106 2261 2156; x_wconf 92' lang='lat' dir='ltr'><strong>et</strong></span> <span class='ocrx_word' id='word_1_637' title='bbox 2284 2101 2551 2174; x_wconf 76' lang='lat' dir='ltr'><strong>gravitate</strong></span> <span class='ocrx_word' id='word_1_638' title='bbox 2576 2101 2815 2158; x_wconf 82' lang='lat' dir='ltr'><strong>maxime</strong></span> 
     </span>
     <span class='ocr_line' id='line_1_88' title="bbox 1481 2174 2817 2252; baseline 0 -16"><span class='ocrx_word' id='word_1_639' title='bbox 1481 2174 1634 2236; x_wconf 81' lang='lat' dir='ltr'><strong>inter</strong></span> <span class='ocrx_word' id='word_1_640' title='bbox 1655 2195 1712 2234; x_wconf 88' lang='lat' dir='ltr'><strong>se</strong></span> <span class='ocrx_word' id='word_1_641' title='bbox 1752 2175 2041 2234; x_wconf 87' lang='lat' dir='ltr'><strong>distantia:</strong></span> <span class='ocrx_word' id='word_1_642' title='bbox 2070 2175 2142 2232; x_wconf 89' lang='lat' dir='ltr'><strong>ita</strong></span> <span class='ocrx_word' id='word_1_643' title='bbox 2178 2195 2336 2252; x_wconf 84' lang='lat' dir='ltr'><strong>poena</strong></span> <span class='ocrx_word' id='word_1_644' title='bbox 2378 2179 2531 2234; x_wconf 88' lang='lat' dir='ltr'><strong>nulla</strong></span> <span class='ocrx_word' id='word_1_645' title='bbox 2568 2178 2817 2236; x_wconf 89' lang='lat' dir='ltr'><strong>omnium</strong></span> 
     </span>
     <span class='ocr_line' id='line_1_89' title="bbox 1489 2253 2819 2329; baseline 0.002 -19"><span class='ocrx_word' id='word_1_646' title='bbox 1489 2253 1811 2312; x_wconf 86' lang='lat' dir='ltr'><strong>communis.</strong></span> <span class='ocrx_word' id='word_1_647' title='bbox 1835 2255 1939 2312; x_wconf 84' lang='lat' dir='ltr'><strong>Pro</strong></span> <span class='ocrx_word' id='word_1_648' title='bbox 1964 2263 2255 2326; x_wconf 79' lang='lat' dir='ltr'><strong>genere,et</strong></span> <span class='ocrx_word' id='word_1_649' title='bbox 2268 2257 2532 2328; x_wconf 83' lang='lat' dir='ltr'><strong>qualitate</strong></span> <span class='ocrx_word' id='word_1_650' title='bbox 2555 2257 2819 2329; x_wconf 86' lang='lat' dir='ltr'><strong>cujusque</strong></span> 
     </span>
     <span class='ocr_line' id='line_1_90' title="bbox 1491 2333 2818 2406; baseline 0.001 -16"><span class='ocrx_word' id='word_1_651' title='bbox 1491 2333 1677 2390; x_wconf 85' lang='lat' dir='ltr'><strong>delicti</strong></span> <span class='ocrx_word' id='word_1_652' title='bbox 1718 2349 1889 2404; x_wconf 80' lang='lat' dir='ltr'><strong>poenae</strong></span> <span class='ocrx_word' id='word_1_653' title='bbox 1928 2333 2261 2398; x_wconf 75' lang='lat' dir='ltr'><strong>constitutae,</strong></span> <span class='ocrx_word' id='word_1_654' title='bbox 2298 2351 2421 2406; x_wconf 71' lang='lat' dir='ltr'><strong>quae</strong></span> <span class='ocrx_word' id='word_1_655' title='bbox 2472 2333 2701 2406; x_wconf 85' lang='lat' dir='ltr'><strong>proinde</strong></span> <span class='ocrx_word' id='word_1_656' title='bbox 2750 2351 2818 2391; x_wconf 86' lang='lat' dir='ltr'><strong>ex</strong></span> 
     </span>
     <span class='ocr_line' id='line_1_91' title="bbox 1491 2409 2609 2486; baseline 0 -19"><span class='ocrx_word' id='word_1_657' title='bbox 1491 2426 1819 2484; x_wconf 86' lang='lat' dir='ltr'><strong>unaquaque</strong></span> <span class='ocrx_word' id='word_1_658' title='bbox 1844 2409 2018 2484; x_wconf 85' lang='lat' dir='ltr'><strong>specie</strong></span> <span class='ocrx_word' id='word_1_659' title='bbox 2043 2411 2229 2469; x_wconf 85' lang='lat' dir='ltr'><strong>delicti</strong></span> <span class='ocrx_word' id='word_1_660' title='bbox 2256 2413 2365 2486; x_wconf 88' lang='lat' dir='ltr'><strong>peti</strong></span> <span class='ocrx_word' id='word_1_661' title='bbox 2393 2411 2609 2469; x_wconf 88' lang='lat' dir='ltr'><strong>debent.</strong></span> 
     </span>
    </p>

    <p class='ocr_par' dir='ltr' id='par_1_17' title="bbox 1479 2487 2820 3027">
     <span class='ocr_line' id='line_1_92' title="bbox 1567 2487 2815 2554; baseline 0.003 -12"><span class='ocrx_word' id='word_1_662' title='bbox 1567 2487 1663 2546; x_wconf 74' lang='lat' dir='ltr'><strong><em>Vl.</em></strong></span> <span class='ocrx_word' id='word_1_663' title='bbox 1690 2491 1755 2544; x_wconf 91' lang='lat' dir='ltr'><strong>ln</strong></span> <span class='ocrx_word' id='word_1_664' title='bbox 1784 2505 1967 2546; x_wconf 86' lang='lat' dir='ltr'><strong>rerum</strong></span> <span class='ocrx_word' id='word_1_665' title='bbox 1993 2489 2465 2547; x_wconf 86' lang='lat' dir='ltr'><strong>administratione</strong></span> <span class='ocrx_word' id='word_1_666' title='bbox 2482 2531 2496 2554; x_wconf 90' lang='lat'><strong>‚</strong></span> <span class='ocrx_word' id='word_1_667' title='bbox 2524 2495 2587 2546; x_wconf 86' lang='lat' dir='ltr'><strong>ut</strong></span> <span class='ocrx_word' id='word_1_668' title='bbox 2612 2488 2815 2546; x_wconf 80' lang='lat' dir='ltr'><strong>facien-</strong></span> 
     </span>
     <span class='ocr_line' id='line_1_93' title="bbox 1489 2566 2817 2641; baseline 0 -18"><span class='ocrx_word' id='word_1_669' title='bbox 1489 2567 1559 2623; x_wconf 92' lang='lat' dir='ltr'><strong>do</strong></span> <span class='ocrx_word' id='word_1_670' title='bbox 1575 2607 1591 2631; x_wconf 92' lang='lat'>‚</span> <span class='ocrx_word' id='word_1_671' title='bbox 1617 2568 1700 2625; x_wconf 80' lang='lat' dir='ltr'><strong>vel</strong></span> <span class='ocrx_word' id='word_1_672' title='bbox 1727 2566 2026 2625; x_wconf 88' lang='lat' dir='ltr'><strong>omittendo</strong></span> <span class='ocrx_word' id='word_1_673' title='bbox 2051 2566 2307 2626; x_wconf 88' lang='lat' dir='ltr'><strong>similiter</strong></span> <span class='ocrx_word' id='word_1_674' title='bbox 2334 2575 2585 2641; x_wconf 89' lang='lat' dir='ltr'><strong>peccatur</strong></span> <span class='ocrx_word' id='word_1_675' title='bbox 2625 2569 2817 2625; x_wconf 76' lang='lat' dir='ltr'><strong>adver-</strong></span> 
     </span>
     <span class='ocr_line' id='line_1_94' title="bbox 1485 2644 2817 2721; baseline 0 -20"><span class='ocrx_word' id='word_1_676' title='bbox 1485 2661 1574 2701; x_wconf 83' lang='lat' dir='ltr'><strong>sus</strong></span> <span class='ocrx_word' id='word_1_677' title='bbox 1599 2646 1803 2716; x_wconf 82' lang='lat' dir='ltr'><strong>legem:</strong></span> <span class='ocrx_word' id='word_1_678' title='bbox 1832 2646 1907 2703; x_wconf 89' lang='lat' dir='ltr'><strong>ita</strong></span> <span class='ocrx_word' id='word_1_679' title='bbox 1935 2644 2199 2701; x_wconf 80' lang='lat' dir='ltr'><strong>factorum</strong></span> <span class='ocrx_word' id='word_1_680' title='bbox 2239 2665 2392 2721; x_wconf 84' lang='lat' dir='ltr'><strong>poena</strong></span> <span class='ocrx_word' id='word_1_681' title='bbox 2438 2664 2577 2704; x_wconf 88' lang='lat' dir='ltr'><strong>una:</strong></span> <span class='ocrx_word' id='word_1_682' title='bbox 2606 2648 2737 2703; x_wconf 89' lang='lat' dir='ltr'><strong>item</strong></span> <span class='ocrx_word' id='word_1_683' title='bbox 2762 2652 2817 2703; x_wconf 84' lang='lat' dir='ltr'><strong>et</strong></span> 
     </span>
     <span class='ocr_line' id='line_1_95' title="bbox 1484 2722 2820 2797; baseline 0.003 -20"><span class='ocrx_word' id='word_1_684' title='bbox 1484 2722 1807 2781; x_wconf 88' lang='lat' dir='ltr'><strong>omissorum</strong></span> <span class='ocrx_word' id='word_1_685' title='bbox 1846 2740 2003 2797; x_wconf 87' lang='lat' dir='ltr'><strong>poena</strong></span> <span class='ocrx_word' id='word_1_686' title='bbox 2042 2741 2154 2779; x_wconf 85' lang='lat' dir='ltr'><strong>una</strong></span> <span class='ocrx_word' id='word_1_687' title='bbox 2194 2726 2517 2782; x_wconf 90' lang='lat' dir='ltr'><strong>communis.</strong></span> <span class='ocrx_word' id='word_1_688' title='bbox 2557 2726 2688 2793; x_wconf 81' lang='lat' dir='ltr'><strong>Quoe</strong></span> <span class='ocrx_word' id='word_1_689' title='bbox 2728 2742 2820 2795; x_wconf 79' lang='lat' dir='ltr'><strong>ge-</strong></span> 
     </span>
     <span class='ocr_line' id='line_1_96' title="bbox 1483 2801 2817 2875; baseline 0.003 -20"><span class='ocrx_word' id='word_1_690' title='bbox 1483 2817 1612 2856; x_wconf 84' lang='lat' dir='ltr'><strong>nera</strong></span> <span class='ocrx_word' id='word_1_691' title='bbox 1631 2842 1648 2867; x_wconf 84' lang='lat'>,</span> <span class='ocrx_word' id='word_1_692' title='bbox 1672 2808 1735 2859; x_wconf 89' lang='lat' dir='ltr'><strong>ut</strong></span> <span class='ocrx_word' id='word_1_693' title='bbox 1760 2818 1929 2875; x_wconf 88' lang='lat' dir='ltr'><strong>pauca</strong></span> <span class='ocrx_word' id='word_1_694' title='bbox 1947 2844 1963 2869; x_wconf 92' lang='lat'>,</span> <span class='ocrx_word' id='word_1_695' title='bbox 1987 2808 2039 2857; x_wconf 87' lang='lat' dir='ltr'><strong>et</strong></span> <span class='ocrx_word' id='word_1_696' title='bbox 2064 2810 2204 2858; x_wconf 89' lang='lat' dir='ltr'><strong>certa</strong></span> <span class='ocrx_word' id='word_1_697' title='bbox 2232 2810 2385 2861; x_wconf 80' lang='lat' dir='ltr'><strong>sunt:</strong></span> <span class='ocrx_word' id='word_1_698' title='bbox 2414 2804 2491 2860; x_wconf 89' lang='lat' dir='ltr'><strong>ita</strong></span> <span class='ocrx_word' id='word_1_699' title='bbox 2528 2803 2689 2861; x_wconf 88' lang='lat' dir='ltr'><strong>nohis</strong></span> <span class='ocrx_word' id='word_1_700' title='bbox 2717 2801 2817 2859; x_wconf 90' lang='lat' dir='ltr'><strong>hoc</strong></span> 
     </span>
     <span class='ocr_line' id='line_1_97' title="bbox 1479 2876 2816 2952; baseline 0.001 -17"><span class='ocrx_word' id='word_1_701' title='bbox 1479 2876 1599 2935; x_wconf 89' lang='lat' dir='ltr'><strong>loco</strong></span> <span class='ocrx_word' id='word_1_702' title='bbox 1624 2886 1751 2937; x_wconf 83' lang='lat' dir='ltr'><strong>nota</strong></span> <span class='ocrx_word' id='word_1_703' title='bbox 1767 2898 1877 2939; x_wconf 89' lang='lat' dir='ltr'><strong>esse</strong></span> <span class='ocrx_word' id='word_1_704' title='bbox 1894 2880 2375 2938; x_wconf 85' lang='lat' dir='ltr'><strong>debent.Peccatur</strong></span> <span class='ocrx_word' id='word_1_705' title='bbox 2396 2898 2521 2952; x_wconf 82' lang='lat' dir='ltr'><strong>ergo</strong></span> <span class='ocrx_word' id='word_1_706' title='bbox 2548 2880 2606 2937; x_wconf 90' lang='lat' dir='ltr'><strong>in</strong></span> <span class='ocrx_word' id='word_1_707' title='bbox 2632 2897 2816 2937; x_wconf 89' lang='lat' dir='ltr'><strong>rerum</strong></span> 
     </span>
     <span class='ocr_line' id='line_1_98' title="bbox 1480 2956 2818 3027; baseline 0 -14"><span class='ocrx_word' id='word_1_708' title='bbox 1480 2964 1786 3015; x_wconf 85' lang='lat' dir='ltr'><strong>nostrarum</strong></span> <span class='ocrx_word' id='word_1_709' title='bbox 1842 2956 2311 3015; x_wconf 86' lang='lat' dir='ltr'><strong>administratione</strong></span> <span class='ocrx_word' id='word_1_710' title='bbox 2361 2962 2615 3015; x_wconf 78' lang='lat' dir='ltr'><strong>adversus</strong></span> <span class='ocrx_word' id='word_1_711' title='bbox 2674 2960 2818 3027; x_wconf 78' lang='lat' dir='ltr'><strong>leges</strong></span> 
     </span>
    </p>
   </div>
   <div class='ocr_carea' id='block_1_12' title="bbox 1479 3032 2917 3109">
    <p class='ocr_par' dir='ltr' id='par_1_18' title="bbox 1479 3032 2917 3109">
     <span class='ocr_line' id='line_1_99' title="bbox 1479 3032 2917 3109; baseline -0.001 -18"><span class='ocrx_word' id='word_1_712' title='bbox 1479 3036 1683 3109; x_wconf 88' lang='lat' dir='ltr'><strong>partim</strong></span> <span class='ocrx_word' id='word_1_713' title='bbox 1736 3035 2016 3101; x_wconf 80' lang='lat' dir='ltr'><strong>faciende,</strong></span> <span class='ocrx_word' id='word_1_714' title='bbox 2056 3036 2255 3107; x_wconf 88' lang='lat' dir='ltr'><strong>partim</strong></span> <span class='ocrx_word' id='word_1_715' title='bbox 2309 3038 2627 3093; x_wconf 87' lang='lat' dir='ltr'><strong>omittend0.</strong></span> <span class='ocrx_word' id='word_1_716' title='bbox 2676 3036 2819 3091; x_wconf 87' lang='lat' dir='ltr'><strong>Sunt</strong></span> <span class='ocrx_word' id='word_1_717' title='bbox 2902 3032 2917 3068; x_wconf 82' lang='lat'><strong>·.</strong></span> 
     </span>
    </p>
   </div>
   <div class='ocr_carea' id='block_1_13' title="bbox 1481 3111 2819 3482">
    <p class='ocr_par' dir='ltr' id='par_1_19' title="bbox 1481 3111 2819 3482">
     <span class='ocr_line' id='line_1_100' title="bbox 1481 3111 2811 3196; baseline -0.002 -27"><span class='ocrx_word' id='word_1_718' title='bbox 1481 3113 1630 3179; x_wconf 86' lang='lat' dir='ltr'><strong>enim</strong></span> <span class='ocrx_word' id='word_1_719' title='bbox 1655 3115 2064 3196; x_wconf 81' lang='lat' dir='ltr'><strong>quaedam,qnae</strong></span> <span class='ocrx_word' id='word_1_720' title='bbox 2094 3114 2152 3169; x_wconf 90' lang='lat' dir='ltr'><strong>in</strong></span> <span class='ocrx_word' id='word_1_721' title='bbox 2178 3114 2277 3169; x_wconf 88' lang='lat' dir='ltr'><strong>hoc</strong></span> <span class='ocrx_word' id='word_1_722' title='bbox 2302 3130 2497 3183; x_wconf 82' lang='lat' dir='ltr'><strong>genere</strong></span> <span class='ocrx_word' id='word_1_723' title='bbox 2520 3114 2664 3183; x_wconf 83' lang='lat' dir='ltr'><strong>leges</strong></span> <span class='ocrx_word' id='word_1_724' title='bbox 2693 3111 2811 3167; x_wconf 87' lang='lat' dir='ltr'><strong>fieri</strong></span> 
     </span>
     <span class='ocr_line' id='line_1_101' title="bbox 1484 3188 2819 3259; baseline 0.001 -13"><span class='ocrx_word' id='word_1_725' title='bbox 1484 3198 1683 3259; x_wconf 86' lang='lat' dir='ltr'><strong>vetant,</strong></span> <span class='ocrx_word' id='word_1_726' title='bbox 1708 3198 1771 3249; x_wconf 91' lang='lat' dir='ltr'><strong>ut</strong></span> <span class='ocrx_word' id='word_1_727' title='bbox 1795 3193 2109 3248; x_wconf 83' lang='lat' dir='ltr'><strong>contrahere</strong></span> <span class='ocrx_word' id='word_1_728' title='bbox 2138 3191 2431 3255; x_wconf 87' lang='lat' dir='ltr'><strong>interdum,</strong></span> <span class='ocrx_word' id='word_1_729' title='bbox 2458 3197 2551 3247; x_wconf 86' lang='lat' dir='ltr'><strong>aut</strong></span> <span class='ocrx_word' id='word_1_730' title='bbox 2577 3207 2659 3247; x_wconf 59' lang='lat' dir='ltr'><strong>ros</strong></span> <span class='ocrx_word' id='word_1_731' title='bbox 2684 3188 2819 3247; x_wconf 86' lang='lat' dir='ltr'><strong>alie-</strong></span> 
     </span>
     <span class='ocr_line' id='line_1_102' title="bbox 1483 3268 2817 3340; baseline -0.001 -15"><span class='ocrx_word' id='word_1_732' title='bbox 1483 3286 1632 3327; x_wconf 79' lang='lat' dir='ltr'><strong>nare.</strong></span> <span class='ocrx_word' id='word_1_733' title='bbox 1671 3270 2029 3333; x_wconf 88' lang='lat' dir='ltr'><strong>Contrahcre,</strong></span> <span class='ocrx_word' id='word_1_734' title='bbox 2067 3268 2299 3340; x_wconf 86' lang='lat' dir='ltr'><strong>exempli</strong></span> <span class='ocrx_word' id='word_1_735' title='bbox 2326 3269 2529 3340; x_wconf 79' lang='lat' dir='ltr'><strong>gratia,</strong></span> <span class='ocrx_word' id='word_1_736' title='bbox 2554 3285 2679 3325; x_wconf 88' lang='lat' dir='ltr'><strong>eum</strong></span> <span class='ocrx_word' id='word_1_737' title='bbox 2714 3284 2817 3339; x_wconf 86' lang='lat' dir='ltr'><strong>pu-</strong></span> 
     </span>
     <span class='ocr_line' id='line_1_103' title="bbox 1483 3344 2817 3419; baseline -0.004 -13"><span class='ocrx_word' id='word_1_738' title='bbox 1483 3346 1618 3419; x_wconf 88' lang='lat' dir='ltr'><strong>pillo</strong></span> <span class='ocrx_word' id='word_1_739' title='bbox 1644 3346 1762 3405; x_wconf 88' lang='lat' dir='ltr'><strong>sine</strong></span> <span class='ocrx_word' id='word_1_740' title='bbox 1790 3346 1983 3406; x_wconf 86' lang='lat' dir='ltr'><strong>tutoris</strong></span> <span class='ocrx_word' id='word_1_741' title='bbox 2010 3344 2353 3411; x_wconf 87' lang='lat' dir='ltr'><strong>auctoritate,</strong></span> <span class='ocrx_word' id='word_1_742' title='bbox 2378 3346 2476 3404; x_wconf 90' lang='lat' dir='ltr'><strong>ubi</strong></span> <span class='ocrx_word' id='word_1_743' title='bbox 2506 3348 2550 3403; x_wconf 86' lang='lat' dir='ltr'><strong>is</strong></span> <span class='ocrx_word' id='word_1_744' title='bbox 2586 3346 2817 3402; x_wconf 85' lang='lat' dir='ltr'><strong>deterio-</strong></span> 
     </span>
     <span class='ocr_line' id='line_1_104' title="bbox 1486 3424 2815 3482; baseline -0.002 0"><span class='ocrx_word' id='word_1_745' title='bbox 1486 3443 1598 3482; x_wconf 85' lang='lat' dir='ltr'><strong>rem</strong></span> <span class='ocrx_word' id='word_1_746' title='bbox 1625 3426 1994 3482; x_wconf 87' lang='lat' dir='ltr'><strong>conditionem</strong></span> <span class='ocrx_word' id='word_1_747' title='bbox 2020 3440 2175 3482; x_wconf 90' lang='lat' dir='ltr'><strong>suam</strong></span> <span class='ocrx_word' id='word_1_748' title='bbox 2216 3424 2391 3480; x_wconf 78' lang='lat' dir='ltr'><strong>faciat.</strong></span> <span class='ocrx_word' id='word_1_749' title='bbox 2432 3426 2561 3482; x_wconf 77' lang='lat' dir='ltr'><strong>Inst.</strong></span> <span class='ocrx_word' id='word_1_750' title='bbox 2587 3426 2651 3480; x_wconf 82' lang='lat' dir='ltr'><strong>de</strong></span> <span class='ocrx_word' id='word_1_751' title='bbox 2678 3434 2815 3480; x_wconf 80' lang='lat' dir='ltr'><strong>auct.</strong></span> 
     </span>
    </p>
   </div>
   <div class='ocr_carea' id='block_1_14' title="bbox 1482 3502 2907 3567">
    <p class='ocr_par' dir='ltr' id='par_1_20' title="bbox 1482 3502 2907 3567">
     <span class='ocr_line' id='line_1_105' title="bbox 1482 3502 2907 3567; baseline -0.001 -8"><span class='ocrx_word' id='word_1_752' title='bbox 1482 3511 1579 3559; x_wconf 77' lang='lat' dir='ltr'><strong>tut.</strong></span> <span class='ocrx_word' id='word_1_753' title='bbox 1605 3506 1809 3561; x_wconf 83' lang='lat' dir='ltr'><strong>donare</strong></span> <span class='ocrx_word' id='word_1_754' title='bbox 1844 3502 2001 3559; x_wconf 82' lang='lat' dir='ltr'><strong>uxori</strong></span> <span class='ocrx_word' id='word_1_755' title='bbox 2020 3544 2034 3567; x_wconf 92' lang='lat'>,</span> <span class='ocrx_word' id='word_1_756' title='bbox 2064 3505 2144 3559; x_wconf 84' lang='lat' dir='ltr'><strong>vel</strong></span> <span class='ocrx_word' id='word_1_757' title='bbox 2186 3502 2382 3557; x_wconf 88' lang='lat' dir='ltr'><strong>marito</strong></span> <span class='ocrx_word' id='word_1_758' title='bbox 2426 3504 2481 3560; x_wconf 86' lang='lat' dir='ltr'><strong>L.</strong></span> <span class='ocrx_word' id='word_1_759' title='bbox 2514 3504 2563 3559; x_wconf 82' lang='lat'><strong><em>1.</em></strong></span> <span class='ocrx_word' id='word_1_760' title='bbox 2590 3502 2645 3557; x_wconf 78' lang='lat'><strong>2.</strong></span> <span class='ocrx_word' id='word_1_761' title='bbox 2672 3502 2724 3557; x_wconf 83' lang='lat'><strong>3.</strong></span> <span class='ocrx_word' id='word_1_762' title='bbox 2750 3502 2816 3558; x_wconf 89' lang='lat' dir='ltr'><strong>D.</strong></span> <span class='ocrx_word' id='word_1_763' title='bbox 2902 3532 2907 3537; x_wconf 95' lang='lat'>·</span> 
     </span>
    </p>
   </div>
   <div class='ocr_carea' id='block_1_15' title="bbox 1483 3580 2814 3639">
    <p class='ocr_par' dir='ltr' id='par_1_21' title="bbox 1483 3580 2814 3639">
     <span class='ocr_line' id='line_1_106' title="bbox 1483 3580 2814 3639; baseline -0.002 -2"><span class='ocrx_word' id='word_1_764' title='bbox 1483 3581 1546 3637; x_wconf 77' lang='lat' dir='ltr'><strong>de</strong></span> <span class='ocrx_word' id='word_1_765' title='bbox 1586 3582 1707 3639; x_wconf 74' lang='lat' dir='ltr'><strong>don.</strong></span> <span class='ocrx_word' id='word_1_766' title='bbox 1745 3586 1885 3639; x_wconf 80' lang='lat' dir='ltr'><strong>inter</strong></span> <span class='ocrx_word' id='word_1_767' title='bbox 1920 3584 2025 3639; x_wconf 75' lang='lat' dir='ltr'><strong>vir.</strong></span> <span class='ocrx_word' id='word_1_768' title='bbox 2064 3586 2114 3637; x_wconf 80' lang='lat' dir='ltr'><strong>et</strong></span> <span class='ocrx_word' id='word_1_769' title='bbox 2146 3596 2243 3636; x_wconf 67' lang='lat' dir='ltr'><strong><em>ux.</em></strong></span> <span class='ocrx_word' id='word_1_770' title='bbox 2283 3580 2539 3637; x_wconf 85' lang='lat' dir='ltr'><strong>Alienare</strong></span> <span class='ocrx_word' id='word_1_771' title='bbox 2578 3580 2814 3635; x_wconf 83' lang='lat' dir='ltr'><strong>fundum</strong></span> 
     </span>
    </p>
   </div>
   <div class='ocr_carea' id='block_1_16' title="bbox 1484 3659 2815 3733">
    <p class='ocr_par' dir='ltr' id='par_1_22' title="bbox 1484 3659 2905 3733">
     <span class='ocr_line' id='line_1_107' title="bbox 1484 3659 2815 3733; baseline -0.003 -17"><span class='ocrx_word' id='word_1_772' title='bbox 1484 3659 1738 3717; x_wconf 85' lang='lat' dir='ltr'><strong>dotalem.</strong></span> <span class='ocrx_word' id='word_1_773' title='bbox 1776 3660 2006 3719; x_wconf 75' lang='lat' dir='ltr'><strong>Institut.</strong></span> <span class='ocrx_word' id='word_1_774' title='bbox 2046 3660 2237 3733; x_wconf 76' lang='lat' dir='ltr'><strong>quibus</strong></span> <span class='ocrx_word' id='word_1_775' title='bbox 2261 3659 2336 3715; x_wconf 80' lang='lat' dir='ltr'><strong><em>al.</em></strong></span> <span class='ocrx_word' id='word_1_776' title='bbox 2361 3660 2446 3717; x_wconf 83' lang='lat' dir='ltr'><strong>lic.</strong></span> <span class='ocrx_word' id='word_1_777' title='bbox 2470 3660 2555 3715; x_wconf 79' lang='lat' dir='ltr'><strong>vel</strong></span> <span class='ocrx_word' id='word_1_778' title='bbox 2580 3675 2716 3722; x_wconf 77' lang='lat' dir='ltr'><strong>non,</strong></span> <span class='ocrx_word' id='word_1_779' title='bbox 2755 3661 2815 3713; x_wconf 76' lang='lat' dir='ltr'><strong>in</strong></span> 
     </span>
    </p>
   </div>
   <div class='ocr_carea' id='block_1_17' title="bbox 1471 3738 2895 4763">
    <p class='ocr_par' dir='ltr' id='par_1_23' title="bbox 1471 3738 2895 4763">
     <span class='ocr_line' id='line_1_108' title="bbox 1471 3738 2815 3810; baseline -0.003 -15"><span class='ocrx_word' id='word_1_780' title='bbox 1471 3744 1650 3809; x_wconf 78' lang='lat' dir='ltr'><strong>princ.</strong></span> <span class='ocrx_word' id='word_1_781' title='bbox 1680 3740 1747 3794; x_wconf 88' lang='lat' dir='ltr'><strong>Et</strong></span> <span class='ocrx_word' id='word_1_782' title='bbox 1786 3738 2005 3796; x_wconf 83' lang='lat' dir='ltr'><strong>infinita</strong></span> <span class='ocrx_word' id='word_1_783' title='bbox 2033 3738 2277 3810; x_wconf 82' lang='lat' dir='ltr'><strong>ejusdem</strong></span> <span class='ocrx_word' id='word_1_784' title='bbox 2319 3738 2563 3809; x_wconf 85' lang='lat' dir='ltr'><strong>generis,</strong></span> <span class='ocrx_word' id='word_1_785' title='bbox 2588 3752 2709 3807; x_wconf 84' lang='lat' dir='ltr'><strong>quae</strong></span> <span class='ocrx_word' id='word_1_786' title='bbox 2748 3752 2815 3791; x_wconf 86' lang='lat' dir='ltr'><strong>ex</strong></span> 
     </span>
     <span class='ocr_line' id='line_1_109' title="bbox 1481 3815 2814 3888; baseline -0.002 -17"><span class='ocrx_word' id='word_1_787' title='bbox 1481 3817 1594 3873; x_wconf 87' lang='lat' dir='ltr'><strong>suis</strong></span> <span class='ocrx_word' id='word_1_788' title='bbox 1623 3816 1755 3875; x_wconf 84' lang='lat' dir='ltr'><strong>loeis</strong></span> <span class='ocrx_word' id='word_1_789' title='bbox 1780 3818 2011 3888; x_wconf 86' lang='lat' dir='ltr'><strong>petenda</strong></span> <span class='ocrx_word' id='word_1_790' title='bbox 2052 3822 2194 3875; x_wconf 87' lang='lat' dir='ltr'><strong>sunt.</strong></span> <span class='ocrx_word' id='word_1_791' title='bbox 2220 3818 2359 3873; x_wconf 89' lang='lat' dir='ltr'><strong>Sunt</strong></span> <span class='ocrx_word' id='word_1_792' title='bbox 2383 3815 2633 3887; x_wconf 84' lang='lat' dir='ltr'><strong>quaedam</strong></span> <span class='ocrx_word' id='word_1_793' title='bbox 2651 3855 2665 3878; x_wconf 92' lang='lat'>,</span> <span class='ocrx_word' id='word_1_794' title='bbox 2691 3829 2814 3885; x_wconf 81' lang='lat' dir='ltr'><strong>quae</strong></span> 
     </span>
     <span class='ocr_line' id='line_1_110' title="bbox 1482 3892 2895 3967; baseline -0.003 -19"><span class='ocrx_word' id='word_1_795' title='bbox 1482 3895 1550 3950; x_wconf 83' lang='lat' dir='ltr'><strong>ad</strong></span> <span class='ocrx_word' id='word_1_796' title='bbox 1593 3895 2019 3967; x_wconf 76' lang='lat' dir='ltr'><strong>acquirendum,</strong></span> <span class='ocrx_word' id='word_1_797' title='bbox 2059 3900 2153 3950; x_wconf 88' lang='lat' dir='ltr'><strong>aut</strong></span> <span class='ocrx_word' id='word_1_798' title='bbox 2194 3892 2540 3949; x_wconf 86' lang='lat' dir='ltr'><strong>retinendum</strong></span> <span class='ocrx_word' id='word_1_799' title='bbox 2595 3908 2678 3947; x_wconf 85' lang='lat' dir='ltr'><strong>res</strong></span> <span class='ocrx_word' id='word_1_800' title='bbox 2718 3908 2818 3945; x_wconf 85' lang='lat' dir='ltr'><strong>no·</strong></span> <span class='ocrx_word' id='word_1_801' title='bbox 2877 3940 2895 3956; x_wconf 80' lang='lat'><em>,</em></span> 
     </span>
     <span class='ocr_line' id='line_1_111' title="bbox 1479 3968 2817 4047; baseline -0.004 -19"><span class='ocrx_word' id='word_1_802' title='bbox 1479 3978 1614 4031; x_wconf 85' lang='lat' dir='ltr'><strong>stras</strong></span> <span class='ocrx_word' id='word_1_803' title='bbox 1642 3973 1759 4029; x_wconf 82' lang='lat' dir='ltr'><strong>fieri</strong></span> <span class='ocrx_word' id='word_1_804' title='bbox 1786 3976 1929 4047; x_wconf 78' lang='lat' dir='ltr'><strong>leges</strong></span> <span class='ocrx_word' id='word_1_805' title='bbox 1949 3974 2161 4043; x_wconf 86' lang='lat' dir='ltr'><strong>jubent.</strong></span> <span class='ocrx_word' id='word_1_806' title='bbox 2187 3972 2275 4027; x_wconf 85' lang='lat' dir='ltr'><strong>Ad</strong></span> <span class='ocrx_word' id='word_1_807' title='bbox 2304 3968 2697 4043; x_wconf 85' lang='lat' dir='ltr'><strong>acquirendum</strong></span> <span class='ocrx_word' id='word_1_808' title='bbox 2713 4008 2727 4033; x_wconf 91' lang='lat'><strong><em>‚</em></strong></span> <span class='ocrx_word' id='word_1_809' title='bbox 2753 3974 2817 4023; x_wconf 87' lang='lat' dir='ltr'><strong>ut</strong></span> 
     </span>
     <span class='ocr_line' id='line_1_112' title="bbox 1481 4044 2815 4123; baseline -0.004 -18"><span class='ocrx_word' id='word_1_810' title='bbox 1481 4054 1552 4109; x_wconf 86' lang='lat' dir='ltr'><strong>ad</strong></span> <span class='ocrx_word' id='word_1_811' title='bbox 1603 4051 2013 4123; x_wconf 86' lang='lat' dir='ltr'><strong>adipiscendum</strong></span> <span class='ocrx_word' id='word_1_812' title='bbox 2065 4050 2333 4105; x_wconf 90' lang='lat' dir='ltr'><strong>bonorum</strong></span> <span class='ocrx_word' id='word_1_813' title='bbox 2389 4044 2770 4118; x_wconf 83' lang='lat' dir='ltr'><strong>possessionem</strong></span> <span class='ocrx_word' id='word_1_814' title='bbox 2801 4085 2815 4109; x_wconf 86' lang='lat'>‚</span> 
     </span>
     <span class='ocr_line' id='line_1_113' title="bbox 1481 4123 2815 4201; baseline -0.007 -15"><span class='ocrx_word' id='word_1_815' title='bbox 1481 4131 1622 4187; x_wconf 88' lang='lat' dir='ltr'><strong>hanc</strong></span> <span class='ocrx_word' id='word_1_816' title='bbox 1647 4136 1825 4201; x_wconf 89' lang='lat' dir='ltr'><strong>petere</strong></span> <span class='ocrx_word' id='word_1_817' title='bbox 1870 4130 2019 4185; x_wconf 88' lang='lat' dir='ltr'><strong>intra</strong></span> <span class='ocrx_word' id='word_1_818' title='bbox 2045 4144 2251 4182; x_wconf 84' lang='lat' dir='ltr'><strong>annum</strong></span> <span class='ocrx_word' id='word_1_819' title='bbox 2272 4168 2285 4191; x_wconf 93' lang='lat'>‚</span> <span class='ocrx_word' id='word_1_820' title='bbox 2314 4130 2408 4181; x_wconf 85' lang='lat' dir='ltr'><strong>aut</strong></span> <span class='ocrx_word' id='word_1_821' title='bbox 2432 4130 2649 4180; x_wconf 88' lang='lat' dir='ltr'><strong>centum</strong></span> <span class='ocrx_word' id='word_1_822' title='bbox 2682 4123 2815 4179; x_wconf 85' lang='lat' dir='ltr'><strong>dies.</strong></span> 
     </span>
     <span class='ocr_line' id='line_1_114' title="bbox 1481 4200 2815 4278; baseline -0.007 -14"><span class='ocrx_word' id='word_1_823' title='bbox 1481 4210 1538 4278; x_wconf 67' lang='lat' dir='ltr'><strong>S.</strong></span> <span class='ocrx_word' id='word_1_824' title='bbox 1563 4226 1681 4263; x_wconf 74' lang='lat' dir='ltr'><strong>cnm</strong></span> <span class='ocrx_word' id='word_1_825' title='bbox 1704 4211 1901 4277; x_wconf 61' lang='lat' dir='ltr'><strong>igitur,</strong></span> <span class='ocrx_word' id='word_1_826' title='bbox 1922 4206 2047 4261; x_wconf 72' lang='lat' dir='ltr'><strong>inst.</strong></span> <span class='ocrx_word' id='word_1_827' title='bbox 2074 4206 2137 4260; x_wconf 76' lang='lat' dir='ltr'><strong>de</strong></span> <span class='ocrx_word' id='word_1_828' title='bbox 2162 4206 2280 4260; x_wconf 71' lang='lat' dir='ltr'><strong>erm.</strong></span> <span class='ocrx_word' id='word_1_829' title='bbox 2296 4220 2440 4275; x_wconf 73' lang='lat' dir='ltr'><strong>poss.</strong></span> <span class='ocrx_word' id='word_1_830' title='bbox 2465 4203 2551 4257; x_wconf 79' lang='lat' dir='ltr'><strong>Ad</strong></span> <span class='ocrx_word' id='word_1_831' title='bbox 2579 4200 2815 4255; x_wconf 89' lang='lat' dir='ltr'><strong>retinen-</strong></span> 
     </span>
     <span class='ocr_line' id='line_1_115' title="bbox 1482 4279 2813 4353; baseline -0.008 -10"><span class='ocrx_word' id='word_1_832' title='bbox 1482 4288 1615 4343; x_wconf 90' lang='lat' dir='ltr'><strong>dum</strong></span> <span class='ocrx_word' id='word_1_833' title='bbox 1633 4326 1648 4350; x_wconf 86' lang='lat'><strong>‚</strong></span> <span class='ocrx_word' id='word_1_834' title='bbox 1674 4292 1735 4341; x_wconf 90' lang='lat' dir='ltr'><strong>ut</strong></span> <span class='ocrx_word' id='word_1_835' title='bbox 1761 4287 1830 4341; x_wconf 89' lang='lat' dir='ltr'><strong>ad</strong></span> <span class='ocrx_word' id='word_1_836' title='bbox 1859 4284 2094 4340; x_wconf 83' lang='lat' dir='ltr'><strong>actiones</strong></span> <span class='ocrx_word' id='word_1_837' title='bbox 2123 4281 2441 4353; x_wconf 85' lang='lat' dir='ltr'><strong>temporales</strong></span> <span class='ocrx_word' id='word_1_838' title='bbox 2476 4279 2813 4343; x_wconf 82' lang='lat' dir='ltr'><strong>retinendaS‚</strong></span> 
     </span>
     <span class='ocr_line' id='line_1_116' title="bbox 1481 4356 2812 4429; baseline -0.007 -10"><span class='ocrx_word' id='word_1_839' title='bbox 1481 4364 1577 4422; x_wconf 89' lang='lat' dir='ltr'><strong>has</strong></span> <span class='ocrx_word' id='word_1_840' title='bbox 1603 4380 1844 4419; x_wconf 84' lang='lat' dir='ltr'><strong>exercere</strong></span> <span class='ocrx_word' id='word_1_841' title='bbox 1873 4363 2017 4418; x_wconf 84' lang='lat' dir='ltr'><strong>intra</strong></span> <span class='ocrx_word' id='word_1_842' title='bbox 2044 4364 2301 4416; x_wconf 86' lang='lat' dir='ltr'><strong>statutum</strong></span> <span class='ocrx_word' id='word_1_843' title='bbox 2330 4365 2555 4429; x_wconf 84' lang='lat' dir='ltr'><strong>tempus.</strong></span> <span class='ocrx_word' id='word_1_844' title='bbox 2580 4356 2669 4411; x_wconf 85' lang='lat' dir='ltr'><strong>Ad</strong></span> <span class='ocrx_word' id='word_1_845' title='bbox 2698 4372 2812 4411; x_wconf 88' lang='lat' dir='ltr'><strong>rem</strong></span> 
     </span>
     <span class='ocr_line' id='line_1_117' title="bbox 1483 4434 2813 4513; baseline -0.006 -16"><span class='ocrx_word' id='word_1_846' title='bbox 1483 4449 1721 4506; x_wconf 79' lang='lat' dir='ltr'><strong>nostram</strong></span> <span class='ocrx_word' id='word_1_847' title='bbox 1743 4482 1757 4504; x_wconf 92' lang='lat'>‚</span> <span class='ocrx_word' id='word_1_848' title='bbox 1780 4457 1901 4513; x_wconf 82' lang='lat' dir='ltr'><strong>quae</strong></span> <span class='ocrx_word' id='word_1_849' title='bbox 1928 4438 2148 4508; x_wconf 87' lang='lat' dir='ltr'><strong>usucapi</strong></span> <span class='ocrx_word' id='word_1_850' title='bbox 2177 4442 2407 4508; x_wconf 87' lang='lat' dir='ltr'><strong>coeperat</strong></span> <span class='ocrx_word' id='word_1_851' title='bbox 2434 4434 2775 4492; x_wconf 88' lang='lat' dir='ltr'><strong>retinendam</strong></span> <span class='ocrx_word' id='word_1_852' title='bbox 2798 4476 2813 4499; x_wconf 91' lang='lat'><strong>,</strong></span> 
     </span>
     <span class='ocr_line' id='line_1_118' title="bbox 1483 4514 2811 4591; baseline -0.007 -16"><span class='ocrx_word' id='word_1_853' title='bbox 1483 4520 1829 4591; x_wconf 78' lang='lat' dir='ltr'><strong>interpellare</strong></span> <span class='ocrx_word' id='word_1_854' title='bbox 1884 4514 2268 4587; x_wconf 82' lang='lat' dir='ltr'><strong>usucapionem</strong></span> <span class='ocrx_word' id='word_1_855' title='bbox 2298 4556 2312 4579; x_wconf 92' lang='lat'>‚</span> <span class='ocrx_word' id='word_1_856' title='bbox 2366 4515 2511 4571; x_wconf 88' lang='lat' dir='ltr'><strong>intra</strong></span> <span class='ocrx_word' id='word_1_857' title='bbox 2568 4518 2811 4583; x_wconf 86' lang='lat' dir='ltr'><strong>tempora</strong></span> 
     </span>
     <span class='ocr_line' id='line_1_119' title="bbox 1482 4592 2809 4669; baseline -0.008 -14"><span class='ocrx_word' id='word_1_858' title='bbox 1482 4596 1798 4669; x_wconf 87' lang='lat' dir='ltr'><strong>usucapioni</strong></span> <span class='ocrx_word' id='word_1_859' title='bbox 1850 4593 2157 4651; x_wconf 81' lang='lat' dir='ltr'><strong>constituta.</strong></span> <span class='ocrx_word' id='word_1_860' title='bbox 2214 4594 2317 4649; x_wconf 93' lang='lat' dir='ltr'><strong>Illa</strong></span> <span class='ocrx_word' id='word_1_861' title='bbox 2384 4592 2633 4648; x_wconf 67' lang='lat' dir='ltr'><strong>iaciendo</strong></span> <span class='ocrx_word' id='word_1_862' title='bbox 2698 4592 2809 4645; x_wconf 79' lang='lat' dir='ltr'><strong>haec</strong></span> 
     </span>
     <span class='ocr_line' id='line_1_120' title="bbox 1485 4668 2809 4763; baseline -0.005 -32"><span class='ocrx_word' id='word_1_863' title='bbox 1485 4676 1809 4747; x_wconf 77' lang='lat' dir='ltr'><strong>negligendo</strong></span> <span class='ocrx_word' id='word_1_864' title='bbox 1826 4714 1841 4741; x_wconf 89' lang='lat'>,</span> <span class='ocrx_word' id='word_1_865' title='bbox 1866 4681 1921 4732; x_wconf 86' lang='lat' dir='ltr'><strong>et</strong></span> <span class='ocrx_word' id='word_1_866' title='bbox 1948 4668 2247 4729; x_wconf 85' lang='lat' dir='ltr'><strong>omittendo</strong></span> <span class='ocrx_word' id='word_1_867' title='bbox 2287 4669 2516 4727; x_wconf 81' lang='lat' dir='ltr'><strong>facimus</strong></span> <span class='ocrx_word' id='word_1_868' title='bbox 2556 4670 2809 4763; x_wconf 55' lang='lat' dir='ltr'><strong>adversus</strong></span> 
     </span>
    </p>
   </div>
   <div class='ocr_carea' id='block_1_18' title="bbox 1485 4756 1674 4827">
    <p class='ocr_par' dir='ltr' id='par_1_24' title="bbox 1485 4756 1674 4827">
     <span class='ocr_line' id='line_1_121' title="bbox 1485 4756 1674 4827; baseline 0 -18"><span class='ocrx_word' id='word_1_869' title='bbox 1485 4756 1674 4827; x_wconf 76' lang='lat' dir='ltr'><strong>legem.</strong></span> 
     </span>
    </p>
   </div>
   <div class='ocr_carea' id='block_1_19' title="bbox 3282 3801 3285 4471">
    <p class='ocr_par' dir='ltr' id='par_1_25' title="bbox 3282 3801 3285 4471">
     <span class='ocr_line' id='line_1_122' title="bbox 3282 3801 3285 4471; baseline 0 0"><span class='ocrx_word' id='word_1_870' title='bbox 3282 3801 3285 4471; x_wconf 95' lang='lat' dir='ltr'><strong> </strong></span> 
     </span>
    </p>
   </div>
  </div>
 </body>
</html>
