3327 5214
491 156 609 217 235

1318 156 1641 217 HUGONIS
1680 156 1997 217 DONELL!
2044 154 2417 217 comum.
2454 166 2465 175 “

3177 0 3225 20 ’Ὗ

3050 156 3141 219 m

491 263 634 321 catio
675 242 1002 321 continetur.
1039 263 1220 337 thue
1257 263 1572 337 pervenitur
1610 264 1699 321 his
1736 280 1820 321 re·-
1893 264 1977 335 git
2000 304 2017 327 ‚
2073 270 2165 331 ut,
2215 280 2621 338 quamcumque
2660 260 2719 321 in
2760 270 2943 336 partem
2979 268 3145 331 Pando-

491 340 596 399 bus
635 344 702 399 ad
746 344 932 411 tinem,
979 344 1058 401 sic
1098 342 1406 416 pervenitur
1447 341 1547 399 isto
1584 342 1777 400 ordine
1804 328 1857 407 ,⁸

490 435 657 491 quem
685 421 820 479 dixi.
858 420 1019 479 Prius
1055 431 1133 479 est
1169 420 1318 477 euim
1350 428 1544 479 natura
1571 422 1815 487 omnino,

489 507 554 554 ut
579 499 648 555 sit
672 500 886 573 aliquid
913 508 1158 557 nostrum
1173 541 1188 566 ,
1211 514 1382 571 quam
1407 510 1469 557 ut
1495 502 1562 557 de
1587 518 1652 558 eo
1674 500 1817 556 ohti-

487 579 673 635 nendo
700 580 992 637 laboretur.
1029 576 1268 635 Proinde
1307 578 1366 635 in
1410 579 1512 637 hac
1537 590 1689 652 parte
1727 594 1821 649 po-

487 656 760 714 tissimum
775 699 788 721 ,
813 664 873 715 ut
898 666 1076 731 partes
1111 657 1438 729 superiores;
1463 658 1542 714 sic
1567 667 1620 715 et
1647 658 1707 715 in
1734 656 1821 713 his

486 736 722 792 eundem
749 735 916 795 istum
941 735 1189 794 ordinem
1216 754 1521 809 sequemur.
1547 738 1713 793 Hunc
1755 734 1813 791 in

479 812 605 881 jure
654 817 1022 885 cognoscendo
1071 814 1321 871 ordinem
1359 826 1415 873 et
1451 815 1675 872 ductum
1716 814 1815 886 qui

485 893 768 963 sequitur,
812 904 1020 952 naturze
1061 894 1319 959 ductum,
1358 902 1413 951 et
1453 894 1816 951 necessarium

482 971 550 1025 ad
581 989 668 1027 res
679 974 1084 1045 cognoscendas,
1111 989 1174 1028 ac
1199 971 1355 1029 facile
1377 973 1813 1045 complectendas

481 1050 732 1107 ordinem
758 1052 1019 1124 sequitur.
1055 1051 1162 1119 Qui
1193 1067 1304 1107 non
1329 1051 1588 1123 sequitur:
1615 1060 1668 1108 et
1694 1066 1812 1109 ma-

486 1128 634 1184 xime
659 1130 704 1186 si
731 1129 873 1201 quis,
897 1130 1090 1187 omissa
1106 1130 1241 1201 ejus.
1264 1130 1414 1201 quod
1441 1139 1689 1187 nostrum
1718 1138 1809 1195 est,

479 1206 816 1275 cognitione,
856 1208 1076 1265 initium
1109 1208 1239 1265 facit
1277 1210 1348 1264 ah
1387 1208 1723 1273 actionibus,
1761 1218 1815 1266 et

475 1283 717 1355 judiciis,
745 1286 803 1343 id
828 1297 906 1344 est
931 1305 960 1343 a
982 1286 1123 1357 juris
1150 1287 1315 1343 nostri
1342 1288 1725 1359 persecutione,
1754 1286 1812 1345 iu

477 1378 591 1434 qua
619 1365 887 1422 rationem
913 1364 1196 1423 obtinendi
1225 1366 1394 1423 nostri
1421 1366 1701 1438 ponimusz
1726 1384 1809 1424 nae

477 1436 576 1496 ille
603 1453 973 1517 praeposteram
998 1443 1234 1501 instituit
1261 1444 1530 1502 tractandi
1558 1446 1701 1517 juris
1724 1462 1812 1503 ra-

427 1551 434 1557 ·
475 1518 716 1584 tionem,
757 1530 818 1578 ut
847 1528 1028 1593 primo
1081 1522 1245 1579 Libro
1283 1524 1536 1595 pluribus
1573 1522 1803 1580 disserui

474 1597 656 1654 statim
699 1599 760 1655 in
788 1600 1086 1673 principio,
1113 1600 1212 1657 ubi
1249 1610 1303 1658 et
1341 1601 1577 1673 his,qui
1615 1610 1806 1664 eontra

473 1677 748 1742 sentiunt,
777 1680 1170 1751 respondimus.
1209 1680 1366 1747 Quod
1393 1696 1520 1737 cum
1561 1679 1622 1735 in
1662 1679 1805 1737 Pan-

475 1754 641 1812 dcctis
679 1758 904 1815 fecerint
929 1757 1342 1829 Compositores:
1369 1774 1560 1819 nemo.
1583 1768 1646 1815 ut
1684 1768 1801 1816 tum

473 1848 596 1889 sum
629 1838 898 1907 praesatus.
921 1836 1114 1893 mirari
1143 1837 1362 1893 debebit
1379 1876 1393 1901 ‚
1417 1836 1462 1893 si
1487 1854 1679 1893 eorum
1718 1854 1805 1895 or-

473 1910 605 1969 dine
647 1930 758 1970 non
799 1915 1026 1972 utimur.
1053 1914 1148 1969 llli
1185 1915 1352 1977 enim,
1393 1923 1454 1971 ut
1491 1914 1609 1971 illic
1645 1916 1804 1983 dixi,

473 1990 729 2048 delibatis
769 1994 1015 2066 pauculis
1038 1992 1372 2065 quibusdam
1413 1995 1480 2051 de
1514 2001 1656 2051 statu
1686 2010 1803 2066 per-

469 2084 758 2137 sonarum,
797 2080 849 2129 et
889 2072 1152 2129 divisione
1186 2088 1372 2129 rerum
1391 2114 1406 2137 ,
1447 2074 1801 2144 praetermissa

467 2148 830 2219 explicatione
853 2150 998 2225 juris
1036 2152 1238 2215 nostri,
1263 2152 1408 2222 quod
1439 2152 1498 2207 in
1528 2152 1614 2207 his
1639 2152 1802 2210 rebus

469 2235 575 2287 eut.
614 2230 796 2286 statim
839 2230 1010 2286 exorsi
1037 2238 1166 2285 sunt
1205 2246 1236 2285 a
1259 2230 1512 2297 judiciis,
1539 2246 1731 2301 nempe
1766 2248 1800 2288 a

469 2306 892 2376 magistratibus,
930 2324 961 2363 a
987 2307 1394 2379 jurisdictione,
1418 2311 1488 2365 ab
1517 2311 1574 2364 in
1598 2311 1689 2382 jus
1716 2326 1801 2367 vo-

465 2386 657 2450 cando,
681 2392 736 2443 et
760 2387 990 2459 reliquis
1026 2388 1204 2451 rebus,
1227 2387 1432 2459 quibus
1455 2390 1527 2445 ad
1555 2388 1801 2446 futurum

459 2460 736 2537 judicium
761 2466 1104 2522 instruimur:
1129 2466 1205 2522 sic
1245 2466 1440 2523 deinde
1479 2466 1550 2523 ad
1585 2468 1791 2539 judicia

466 2539 600 2612 ipsa,
637 2548 692 2599 et
715 2544 950 2601 actiones
980 2562 1034 2601 se
1059 2546 1422 2612 contulerunt,
1446 2546 1605 2618 quasi
1633 2547 1795 2620 quid-

463 2637 632 2691 quam
675 2630 918 2680 nostrum
949 2624 1160 2695 judicio
1201 2632 1408 2696 petere,
1447 2637 1499 2682 et
1537 2627 1789 2699 persequi

439 2715 755 2772 possemus,
796 2703 1145 2774 priusquam,
1180 2702 1318 2773 quid
1345 2711 1589 2762 nostrum
1628 2714 1791 2770 esset,

461 2779 803 2836 constitisset.
828 2781 1018 2853 Neque
1034 2798 1174 2846 vero,
1197 2789 1262 2835 ut
1277 2781 1392 2838 dixi
1420 2793 1594 2848 antea,
1621 2783 1790 2840 aliam

461 2857 730 2914 rationem
787 2875 956 2930 quam
997 2877 1116 2916 eam
1159 2860 1362 2931 ipsam,
1397 2877 1568 2934 quam
1623 2879 1787 2934 supra

460 2935 654 3007 posui,
717 2945 896 2994 secuta
950 2947 1028 2996 est
1081 2939 1179 2995 illa
1229 2937 1423 2998 divisio
1478 2939 1597 2997 Caii
1639 2957 1792 2998 usur-

461 3023 588 3086 pata
646 3013 706 3072 in
749 3015 812 3074 L.
857 3018 906 3073 1.
946 3019 1016 3075 D.
1047 3020 1117 3074 de
1155 3025 1276 3074 stat.
1313 3019 1452 3074 honi.
1493 3027 1544 3076 et
1583 3021 1642 3094 S.
1692 3022 1789 3077 vlt.

457 3095 522 3150 de
557 3097 676 3164 jur.
714 3103 826 3153 vtae.
879 3113 1006 3152 eum
1051 3095 1282 3162 dicitur,
1317 3097 1410 3170 jus
1447 3113 1609 3155 omne
1629 3141 1642 3164 ‚
1680 3115 1791 3170 quo

459 3172 698 3236 utimur,
743 3173 826 3230 vel
869 3175 941 3231 ad
979 3191 1234 3246 personas
1273 3174 1566 3248 pertinere,
1611 3181 1695 3235 vel
1722 3180 1792 3234 ad

456 3267 574 3312 res.
611 3253 692 3307 vel
733 3253 803 3308 ad
854 3254 1110 3310 actiones.
1148 3254 1308 3322 Quod
1349 3253 1500 3311 enim
1541 3268 1788 3314 nostrum

457 3338 538 3385 cst
556 3371 571 3394 ,
611 3331 852 3387 consistit
893 3331 953 3388 in
983 3348 1206 3404 persona
1247 3333 1510 3407 cujusque
1533 3343 1587 3392 et
1626 3337 1791 3394 rebus

460 3418 612 3464 extra
641 3423 920 3480 personam
947 3411 1146 3482 positis:
1159 3409 1641 3490 obtinendiflautem
1668 3416 1789 3486 ejus

455 3487 596 3542 ratio
634 3494 714 3542 est
753 3485 811 3542 in
851 3489 1186 3554 actionibus,
1227 3490 1284 3546 id
1323 3498 1400 3547 est
1428 3492 1485 3549 in
1511 3493 1779 3565 judiciis,

455 3566 662 3635 quibus
701 3574 950 3622 nostrum
995 3569 1392 3640 consequimur.
1430 3571 1573 3628 Nam
1615 3577 1781 3628 actio-

453 3659 582 3698 num
609 3645 770 3700 verbo
809 3645 908 3700 hoc
948 3661 1117 3714 genus
1156 3648 1585 3718 persecutionum
1621 3651 1781 3709 intel-

454 3720 572 3791 ligi,
611 3739 719 3778 non
749 3731 930 3779 autem
959 3723 1246 3780 hominum
1287 3732 1451 3789 actus,
1479 3734 1535 3783 ut
1570 3729 1781 3786 (Ionna-

452 3815 561 3856 nus
599 3801 671 3876 (2)
712 3801 1054 3874 interpretari
1095 3809 1297 3867 tentat,
1335 3820 1401 3858 ex
1447 3807 1610 3863 Titne.
1650 3808 1781 3868 Inst.

451 3880 516 3934 de
555 3883 744 3938 aetion.
785 3888 978 3937 notum
1032 3889 1142 3946 est,
1187 3882 1282 3938 ubi
1325 3883 1422 3937 hoc
1465 3889 1775 3944 membrum

453 3959 674 4015 tertium
729 3960 809 4016 ita
861 3951 1168 4032 exponitur.
1222 3962 1336 4018 Aut
1389 3961 1560 4033 igitur
1611 3966 1777 4038 Cajus

453 4037 596 4094 idem
623 4039 803 4102 sensit,
827 4039 976 4110 quod
1002 4055 1100 4096 nos
1123 4039 1417 4112 sequimur}
1442 4049 1564 4106 aut,
1589 4043 1632 4099 si
1663 4061 1772 4102 non

448 4117 647 4180 sensit,
671 4118 928 4189 expressit
967 4127 1148 4174 tamen
1184 4119 1394 4184 verbis,
1427 4121 1574 4192 quod
1623 4125 1777 4179 volu-

451 4211 588 4250 mus.
617 4195 924 4268 Utcumque
947 4206 1043 4261 est,
1071 4213 1192 4254 vera
1219 4203 1455 4265 naturae,
1494 4208 1547 4256 et
1574 4199 1779 4258 intelli-

450 4273 644 4342 gentiae
667 4275 808 4331 ratio
820 4277 1118 4347 superiores
1143 4281 1331 4348 partes,
1347 4289 1400 4335 et
1427 4280 1486 4336 in
1515 4279 1600 4336 his
1625 4297 1777 4337 eum-

449 4352 576 4411 dem
615 4353 776 4410 illum
816 4355 1068 4412 ordinem
1106 4355 1346 4428 partium
1389 4376 1422 4414 a
1461 4359 1622 4416 nobis
1658 4361 1774 4418 exi-

511 4542 587 4608 (2)
617 4545 819 4594 Comm·
857 4559 905 4595 ι.
940 4557 995 4596 n.
1023 4558 1072 4592 ι.
1095 4542 1403 4612 intelligens
1441 4547 1578 4598 sacta
1603 4548 1777 4599 homi-

449 4635 574 4670 num
618 4635 784 4694 graece
817 4611 1255 4686 συναλλάγματα,
1287 4633 1347 4676 ut
1381 4633 1435 4675 et
1469 4633 1775 4677 contractus

450 4701 510 4734 ac
542 4685 737 4734 delleta
783 4687 884 4736 hoc
931 4692 1205 4739 actionum
1248 4693 1460 4741 nomine
1516 4691 1775 4753 veniant,

453 4751 701 4812 tametsi,
748 4749 927 4816 inquit
948 4787 970 4813 ,
1019 4755 1325 4821 Imperator·
1365 4756 1612 4824 (scilicet
1668 4773 1773 4810 non

1894 350 2108 401 etatum
2126 384 2141 405 ‚
2176 353 2275 403 aut
2312 344 2523 415 Codicis
2560 344 2873 408 venerimus
2898 345 3031 403 liceat
3050 353 3149 421 qui-

1894 422 2019 478 dem
2046 422 2163 479 sine
2200 430 2351 480 metu
2390 421 2755 486 confusionis,
2793 432 2843 479 et
2876 424 3043 481 offmsa
3066 440 3153 485 stu·

1908 498 2129 557 diorum
2150 516 2275 559 eam
2304 506 2509 573 partem
2548 498 2843 572 attingere?
2860 495 3063 578 effuga
3084 523 3153 563 co-

1896 579 2199 649 gnosoeuda
2224 581 2439 637 versari:
2476 580 2569 638 sed
2594 580 2731 637 dum
2758 579 2944 644 animo,
2960 593 3009 638 et
3029 582 3157 640 intel-

1900 655 2129 729 ligentia
2168 659 2237 715 ad
2264 656 2585 735 eassspartes,
2610 672 2749 730 quas
2775 666 2916 715 nune·
2934 659 3158 729 diximus,

1892 752 2190 810 earumque
2230 737 2469 810 partium
2510 745 2718 811 partes,
2756 752 2872 809 quae
2899 737 3013 793 hinc
3042 749 3157 796 recto

1890 815 2087 871 ordine
2110 816 2305 873 ordine
2342 816 2646 883 ducentur,
2686 830 3019 887 quecumque
3052 818 3161 889 lege-

1894 907 2033 959 mus,
2058 894 2378 952 referantur.

1966 974 2035 1029 V.
2074 973 2153 1029 De
2190 990 2282 1041 eo,
2318 974 2471 1045 quod
2506 978 2748 1031 nostrum
2786 976 2883 1035 est,
2926 970 2997 1029 sic
3038 971 3159 1028 diee-

1888 1068 2036 1109 mus:
2077 1057 2135 1106 ut
2172 1051 2235 1111 in
2286 1052 2515 1125 singulis
2562 1050 2809 1125 partibus
2851 1050 2983 1123 juris
3025 1051 3162 1108 nostri

1887 1132 2252 1203 adjungamus
2284 1132 2453 1187 etiam
2494 1130 2732 1187 remedia
2786 1131 3029 1202 cujusque
3066 1144 3165 1199 par·

1890 1211 1963 1265 tis
2002 1208 2251 1281 propria,
2292 1208 2501 1283 prodita
2536 1211 2661 1281 iure
2685 1209 2757 1263 ad
2786 1209 3167 1280 unumquodque

1888 1288 2285 1356 obtinendum
2320 1288 2697 1349 tantummodo
2738 1296 2801 1344 ut
2848 1286 2903 1342 in
2947 1287 3081 1358 jure,
3122 1292 3167 1341 et

1887 1368 2143 1425 facultate
2180 1368 2296 1441 ejus
2350 1363 2575 1423 remedii
2626 1364 2907 1423 exercendi
2954 1364 3171 1421 mnsista-

1887 1464 2040 1504 mus:
2079 1462 2189 1503 non
2228 1447 2419 1505 etiam·
2445 1442 2536 1503 ad'
2564 1445 2683 1517 ejus
2732 1444 2873 1517 juris
2920 1445 3172 1500 exsecutio-

1882 1542 2010 1583 nem
2050 1528 2344 1583 veniamus.
2384 1526 2557 1597 quue
2604 1539 2827 1587 rerum,
2876 1532 2929 1581 et
2976 1522 3171 1579 docendi

1870 1608 2021 1663 ratio
2058 1604 2284 1661 omnino
2322 1602 2547 1675 flagitat.
2588 1604 2733 1661 Nam
2774 1603 3008 1674 primum
3034 1618 3175 1657 reme·

1882 1682 1973 1739 dia
2014 1684 2131 1741 haec
2168 1684 2211 1740 si
2253 1682 2545 1757 separatim
2586 1684 2803 1739 tradere
2844 1682 3084 1737 velimus:
3124 1678 3172 1769 id

1878 1762 1996 1819 sine
2036 1762 2355 1834 repetitione
2390 1762 2657 1835 ettiusque
2684 1759 2855 1833 partis
2875 1758 3011 1831 juris
3034 1764 3175 1813 noan

1878 1841 2134 1911 consequi
2174 1856 2287 1897 non
2314 1856 2619 1913 possumus,
2642 1856 2773 1895 cum
2802 1840 2871 1895 ad
2898 1851 3177 1909 quamcum-

1878 1934 1990 1991 que
2018 1920 2249 1993 speciem
2274 1920 2385 1977 sint
2410 1920 2833 1977 accommodata.
2862 1914 3095 1979 Infinita,
3134 1922 3179 1971 et

1878 1996 2061 2055 odiosa
2103 1999 2217 2057 haec
2256 1995 2503 2071 repetitio
2540 2004 2617 2055 eet
2631 2038 2647 2061 ,
2684 2006 2743 2053 et
2783 2014 2911 2053 vero
2946 1997 3121 2057 stulta.
3140 1992 3178 2049 si

1880 2090 1991 2133 non
2030 2087 2110 2135 αι
2146 2078 2458 2135 necessaria.
2498 2076 2691 2147 Neque
2734 2092 2895 2147 porro
2919 2074 3177 2131 necessaria

1878 2164 1985 2218 est.
2022 2173 2177 2228 quae,
2214 2154 2491 2229 adjunctis
2528 2155 2729 2227 cuique
2768 2152 2913 2227 parti
2956 2160 3179 2224 opportu-

1878 2234 1963 2291 nis
2000 2235 2285 2299 remediis,
2323 2234 2511 2297 faeile‚
2548 2242 2604 2291 et
2648 2233 2773 2290 sine
2820 2248 3003 2289 errore
3046 2228 3180 2285 viuri

1878 2322 2063 2384 potest.
2100 2316 2242 2370 Tum
2284 2320 2469 2370 autem
2506 2314 2621 2371 hec
2644 2313 2837 2369 eadem
2864 2307 3091 2368 remedia
3112 2310 3187 2381 jn·-

1880 2392 1957 2448 ris
1992 2394 2159 2449 nostri
2200 2394 2461 2465 cujusque
2498 2408 2622 2465 pars
2654 2398 2819 2453 sunt,
2846 2399 2911 2447 ut
2936 2392 3087 2461 plane
3112 2389 3186 2443 hic

1870 2471 2204 2543 praetermitti
2244 2472 2363 2528 sine
2402 2472 2533 2528 vitio
2576 2487 2685 2527 non
2728 2470 2951 2541 possint.
2988 2468 3117 2523 Nam
3138 2474 3187 2557 ‘2⁸

1866 2550 1959 2623 jus
1997 2552 2138 2607 illud
2178 2550 2449 2623 primum,
2486 2552 2635 2623 quod
2674 2550 2949 2624 cuiusque
2984 2563 3087 2604 ame
3119 2547 3191 2601 di-

1868 2632 2067 2694 cimus,
2104 2629 2422 2695 stabiliunt,
2462 2645 2525 2686 ac
2562 2631 2839 2694 retinent,
2876 2633 2939 2684 ut
2974 2626 3083 2683 sine
3116 2622 3191 2680 his

1866 2709 1956 2780 jus
1996 2715 2235 2766 nostrum
2278 2715 2417 2765 stare
2454 2722 2567 2764 non
2608 2709 2805 2780 possit:
2846 2711 2899 2766 et
2956 2714 3189 2778 preterea

1870 2789 2107 2844 remedia
2162 2789 2275 2860 ipsa
2328 2797 2458 2845 sunt
2510 2787 2783 2852 actiones,
2838 2803 2963 2858 quae
3014 2785 3193 2855 cuique

1866 2873 2245 2939 proponuntur
2285 2869 2355 2922 ad
2398 2883 2481 2924 res
2513 2863 2655 2936 juria
2686 2867 2863 2923 nostri
2893 2877 3193 2936 recuperan-

1866 2945 1992 3008 das:
2030 2952 2154 3009 aut,
2192 2945 2307 3003 illis
2354 2945 2593 3010 amissis,
2641 2945 2713 3000 ad
2772 2946 3071 3006 damnum,
3112 2945 3195 2996 aut

1867 3025 2167 3096 injuriam,
2206 3042 2330 3098 qua:
2388 3025 2539 3082 illa‘ta
2592 3031 2707 3087 est,
2762 3021 3197 3095 persequmdam.

1869 3103 2027 3161 Actio
2065 3115 2245 3162 autem
2264 3145 2277 3167 ,
2317 3111 2587 3176 quatenus
2622 3106 2855 3158 aedom:
2896 3101 3057 3158 verbo
3090 3099 3204 3171 jus.

1870 3195 1924 3239 et
1964 3182 2276 3239 facultatem
2318 3184 2389 3239 ita
2434 3181 2629 3255 agendi
2668 3181 3075 3252 intelligimus,
3098 3193 3197 3233 non

1866 3261 2053 3317 minus
2090 3270 2169 3318 est
2208 3262 2265 3317 in
2324 3263 2479 3318 honis
2531 3263 2839 3334 ez‘jusque,
2890 3273 3061 3330 quam
3110 3256 3197 3313 illa

1868 3339 1977 3410 ipsa
1996 3382 2010 3402 .
2050 3355 2285 3413 quorum
2326 3341 2565 3398 actiones
2598 3350 2733 3397 sunt
2774 3339 3097 3396 constitutae.
3146 3337 3200 3392 L.

1864 3418 2117 3474 boumn·
2135 3462 2150 3483 ,
2200 3420 2269 3476 D.
2316 3421 2379 3478 de
2427 3420 2569 3476 verb.
2622 3422 2772 3488 siqu.
2830 3418 2997 3474 Unde
3048 3425 3101 3473 et
3144 3413 3197 3470 in

1858 3511 2053 3568 genere
2092 3513 2277 3556 rerum
2314 3507 2619 3556 nostrarum
2646 3504 3047 3555 numerantur.
3070 3495 3203 3551 Tan·-

1859 3581 2089 3648 tumque
2128 3577 2228 3634 hoc
2266 3577 2467 3635 distant
2512 3576 2765 3648 reliquis,
2825 3577 2981 3648 quod
3022 3574 3199 3662 dicun-

1856 3659 1948 3710 tur
2000 3673 2081 3713 res
2132 3656 2513 3728 incorporales,
2561 3671 2685 3727 qua)
2740 3655 2806 3712 in
2862 3656 2995 3728 jure
3042 3668 3203 3710 const·

1855 3741 2011 3790 stant.
2054 3735 2224 3790 Instit.
2260 3737 2341 3791 de.
2380 3735 2485 3791 reb.
2522 3749 2665 3804 eor-p.
2702 3741 2759 3789 et
2784 3736 2995 3804 ineam.
3022 3733 3203 3802 Neque

1858 3809 1914 3868 id
1954 3827 2079 3868 cum
2122 3813 2380 3879 facimus,
2420 3815 2727 3871 arbitretur
2764 3827 2865 3868 me
2910 3812 3201 3885 quisquam

1854 3889 2171 3948 divisionem
2212 3893 2571 3963 superiorem,
2608 3897 2659 3946 et
2696 3891 2971 3948 ordinem
3002 3889 3209 3948 institu-

1852 3976 1969 4025 tum
2012 3979 2241 4027 mutare.
2282 3969 2567 4027 Rationem
2606 3967 2763 4027 enim
2806 3967 3101 4026 obtinendi
3121 3967 3213 4040 ju-

1850 4047 1951 4114 ris,
1990 4063 2157 4119 quam
2206 4049 2389 4121 posui,
2438 4050 2595 4106 illam
2642 4047 2916 4120 intelligo
2966 4061 3203 4105 commu-

1850 4144 1981 4184 nem
2000 4169 2015 4192 ,
2052 4143 2176 4199 quae
2217 4129 2273 4185 in
2326 4128 2496 4193 facto,
2544 4141 2597 4185 et
2649 4127 3021 4184 exsecutione
3072 4125 3213 4198 iuris

1854 4207 2020 4263 nostri
2062 4206 2227 4278 posita
2266 4213 2371 4273 est,
2411 4208 2466 4264 id
2506 4216 2579 4263 est
2612 4205 2941 4278 judicium,
2965 4205 3113 4278 quod
3140 4201 3209 4258 ad

1853 4301 2071 4341 omnem
2098 4285 2326 4358 speciem
2350 4285 2493 4358 juris
2516 4283 2717 4347 nostri,
2744 4295 2804 4341 ct
2834 4287 3210 4342 remediorum

1852 4365 2251 4437 exsequendam
2290 4364 2647 4423 communiter
2700 4363 3213 4441 perstringi-{lpum

1856 4551 2188 4618 imperator,
2222 4551 2311 4602 aed
2344 4549 2661 4612 Connanus)
2714 4555 2781 4603 in
2822 4550 2878 4620 §-
2917 4553 3027 4602 un.
3048 4549 3113 4600 de
3166 4543 3219 4594 l·-

1854 4617 1928 4670 Ν.
1964 4621 2139 4671 alnes·
2168 4621 2461 4688 acceperit.
2494 4616 2560 4668 Et
2606 4616 2681 4666 itt
2724 4618 2901 4669 etium
2946 4615 3013 4670 P·
3050 4611 3215 4675 Greg-

1852 4684 1911 4734 in
1946 4687 2248 4750 Srmagm.
2280 4701 2397 4742 mo,
2428 4686 2507 4734 uti
2546 4690 2771 4752 apparet
2808 4701 2877 4734 ex
2916 4681 3223 4737 methodo,

1854 4758 1907 4802 et
1930 4767 2017 4818 pat
2032 4749 2224 4803 titione
2258 4751 2506 4816 ejusdem.
