<?xml version="1.0" encoding="UTF-8"?>
<!DOCTYPE html PUBLIC "-//W3C//DTD XHTML 1.0 Transitional//EN"
    "http://www.w3.org/TR/xhtml1/DTD/xhtml1-transitional.dtd">
<html xmlns="http://www.w3.org/1999/xhtml" xml:lang="en" lang="en">
 <head>
  <title>
</title>
<meta http-equiv="Content-Type" content="text/html;charset=utf-8" />
  <meta name='ocr-system' content='tesseract 3.04.00' />
  <meta name='ocr-capabilities' content='ocr_page ocr_carea ocr_par ocr_line ocrx_word'/>
</head>
<body>
  <div class='ocr_page' id='page_1' title='image "./hugonisdonellio00riccgoog/hugonisdonellio00riccgoog_0105.png"; bbox 0 0 3327 5214; ppageno 0'>
   <div class='ocr_carea' id='block_1_1' title="bbox 447 148 1825 4811">
    <p class='ocr_par' dir='ltr' id='par_1_1' title="bbox 447 148 1825 3390">
     <span class='ocr_line' id='line_1_1' title="bbox 476 148 580 209; baseline -0.029 0"><span class='ocrx_word' id='word_1_1' title='bbox 476 148 580 209; x_wconf 76' lang='grc'><strong>171</strong></span> 
     </span>
     <span class='ocr_line' id='line_1_2' title="bbox 473 246 1803 327; baseline 0 -18"><span class='ocrx_word' id='word_1_2' title='bbox 473 260 646 323; x_wconf 83' lang='lat' dir='ltr'><strong>petat,</strong></span> <span class='ocrx_word' id='word_1_3' title='bbox 669 250 952 325; x_wconf 75' lang='lat' dir='ltr'><strong>qutrritur.</strong></span> <span class='ocrx_word' id='word_1_4' title='bbox 977 246 1047 311; x_wconf 80' lang='lat' dir='ltr'><strong>Et</strong></span> <span class='ocrx_word' id='word_1_5' title='bbox 1067 259 1298 319; x_wconf 85' lang='lat' dir='ltr'><strong>constat,</strong></span> <span class='ocrx_word' id='word_1_6' title='bbox 1323 254 1374 311; x_wconf 89' lang='lat' dir='ltr'><strong>ei</strong></span> <span class='ocrx_word' id='word_1_7' title='bbox 1402 272 1512 311; x_wconf 90' lang='lat' dir='ltr'><strong>non</strong></span> <span class='ocrx_word' id='word_1_8' title='bbox 1537 254 1660 312; x_wconf 90' lang='lat' dir='ltr'><strong>dari</strong></span> <span class='ocrx_word' id='word_1_9' title='bbox 1676 254 1803 327; x_wconf 89' lang='lat' dir='ltr'><strong>,qui</strong></span> 
     </span>
     <span class='ocr_line' id='line_1_3' title="bbox 474 331 1801 407; baseline 0.001 -20"><span class='ocrx_word' id='word_1_10' title='bbox 474 333 649 389; x_wconf 80' lang='lat' dir='ltr'><strong>sciens</strong></span> <span class='ocrx_word' id='word_1_11' title='bbox 689 331 998 390; x_wconf 87' lang='lat' dir='ltr'><strong>indebitum</strong></span> <span class='ocrx_word' id='word_1_12' title='bbox 1038 334 1228 391; x_wconf 83' lang='lat' dir='ltr'><strong>solvit:</strong></span> <span class='ocrx_word' id='word_1_13' title='bbox 1251 335 1344 389; x_wconf 88' lang='lat' dir='ltr'><strong>sed</strong></span> <span class='ocrx_word' id='word_1_14' title='bbox 1385 334 1562 389; x_wconf 87' lang='lat' dir='ltr'><strong>solum</strong></span> <span class='ocrx_word' id='word_1_15' title='bbox 1597 332 1679 395; x_wconf 88' lang='lat' dir='ltr'><strong>ei,</strong></span> <span class='ocrx_word' id='word_1_16' title='bbox 1704 334 1801 407; x_wconf 88' lang='lat' dir='ltr'><strong>qui</strong></span> 
     </span>
     <span class='ocr_line' id='line_1_4' title="bbox 447 406 1806 481; baseline 0.004 -18"><span class='ocrx_word' id='word_1_17' title='bbox 447 406 751 481; x_wconf 77' lang='lat' dir='ltr'><strong>ignorans.</strong></span> <span class='ocrx_word' id='word_1_18' title='bbox 765 411 826 466; x_wconf 99' lang='lat' dir='ltr'><strong>L.</strong></span> <span class='ocrx_word' id='word_1_19' title='bbox 847 411 896 468; x_wconf 97' lang='grc'><strong>1.</strong></span> <span class='ocrx_word' id='word_1_20' title='bbox 924 413 988 468; x_wconf 90' lang='lat' dir='ltr'><strong>D.</strong></span> <span class='ocrx_word' id='word_1_21' title='bbox 1012 414 1075 468; x_wconf 76' lang='lat' dir='ltr'><strong>de</strong></span> <span class='ocrx_word' id='word_1_22' title='bbox 1099 414 1248 469; x_wconf 78' lang='lat' dir='ltr'><strong>cond.</strong></span> <span class='ocrx_word' id='word_1_23' title='bbox 1273 414 1385 467; x_wconf 72' lang='lat' dir='ltr'><strong>ind.</strong></span> <span class='ocrx_word' id='word_1_24' title='bbox 1413 412 1474 467; x_wconf 89' lang='lat' dir='ltr'><strong>L.</strong></span> <span class='ocrx_word' id='word_1_25' title='bbox 1498 412 1806 476; x_wconf 74' lang='lat' dir='ltr'><strong>indebitum,</strong></span> 
     </span>
     <span class='ocr_line' id='line_1_5' title="bbox 477 488 1805 561; baseline 0.001 -18"><span class='ocrx_word' id='word_1_26' title='bbox 477 489 536 545; x_wconf 68' lang='grc' dir='ltr'><strong>Γ.</strong></span> <span class='ocrx_word' id='word_1_27' title='bbox 563 491 672 546; x_wconf 78' lang='lat' dir='ltr'><strong>eod.</strong></span> <span class='ocrx_word' id='word_1_28' title='bbox 695 489 874 555; x_wconf 87' lang='lat' dir='ltr'><strong>Quam</strong></span> <span class='ocrx_word' id='word_1_29' title='bbox 913 506 1038 560; x_wconf 87' lang='lat' dir='ltr'><strong>ergo</strong></span> <span class='ocrx_word' id='word_1_30' title='bbox 1079 489 1444 561; x_wconf 78' lang='lat' dir='ltr'>ignorantiam</span> <span class='ocrx_word' id='word_1_31' title='bbox 1485 488 1574 546; x_wconf 87' lang='lat' dir='ltr'><strong>bic</strong></span> <span class='ocrx_word' id='word_1_32' title='bbox 1607 489 1805 561; x_wconf 89' lang='lat' dir='ltr'><strong>accipi-</strong></span> 
     </span>
     <span class='ocr_line' id='line_1_6' title="bbox 475 566 1825 641; baseline 0.001 -18"><span class='ocrx_word' id='word_1_33' title='bbox 475 568 634 624; x_wconf 81' lang='lat' dir='ltr'><strong>mus?</strong></span> <span class='ocrx_word' id='word_1_34' title='bbox 675 566 870 623; x_wconf 80' lang='lat' dir='ltr'><strong>Utrum</strong></span> <span class='ocrx_word' id='word_1_35' title='bbox 913 567 1038 624; x_wconf 89' lang='lat' dir='ltr'><strong>facti</strong></span> <span class='ocrx_word' id='word_1_36' title='bbox 1079 575 1317 624; x_wconf 84' lang='lat' dir='ltr'><strong>tantum:</strong></span> <span class='ocrx_word' id='word_1_37' title='bbox 1359 584 1430 623; x_wconf 87' lang='lat' dir='ltr'><strong>an</strong></span> <span class='ocrx_word' id='word_1_38' title='bbox 1485 572 1825 641; x_wconf 87' lang='lat' dir='ltr'><strong>utramque,·</strong></span> 
     </span>
     <span class='ocr_line' id='line_1_7' title="bbox 477 644 1806 719; baseline -0.002 -15"><span class='ocrx_word' id='word_1_39' title='bbox 477 646 601 704; x_wconf 84' lang='lat' dir='ltr'><strong>facti</strong></span> <span class='ocrx_word' id='word_1_40' title='bbox 618 688 632 710; x_wconf 97' lang='lat'><strong>,</strong></span> <span class='ocrx_word' id='word_1_41' title='bbox 657 650 710 701; x_wconf 87' lang='lat' dir='ltr'><strong>et</strong></span> <span class='ocrx_word' id='word_1_42' title='bbox 729 644 894 717; x_wconf 86' lang='lat' dir='ltr'><strong>juris,</strong></span> <span class='ocrx_word' id='word_1_43' title='bbox 917 652 980 704; x_wconf 87' lang='lat' dir='ltr'><strong>ut</strong></span> <span class='ocrx_word' id='word_1_44' title='bbox 1017 654 1248 719; x_wconf 88' lang='lat' dir='ltr'><strong>utraque</strong></span> <span class='ocrx_word' id='word_1_45' title='bbox 1275 647 1386 703; x_wconf 85' lang='lat' dir='ltr'><strong>haec</strong></span> <span class='ocrx_word' id='word_1_46' title='bbox 1426 646 1595 718; x_wconf 83' lang='lat' dir='ltr'><strong>prosit</strong></span> <span class='ocrx_word' id='word_1_47' title='bbox 1619 649 1690 702; x_wconf 89' lang='lat' dir='ltr'><strong>ad</strong></span> <span class='ocrx_word' id='word_1_48' title='bbox 1721 648 1806 702; x_wconf 87' lang='lat' dir='ltr'><strong>in-</strong></span> 
     </span>
     <span class='ocr_line' id='line_1_8' title="bbox 477 722 1804 797; baseline -0.002 -14"><span class='ocrx_word' id='word_1_49' title='bbox 477 724 647 783; x_wconf 79' lang='lat' dir='ltr'><strong>debiti</strong></span> <span class='ocrx_word' id='word_1_50' title='bbox 675 722 1086 795; x_wconf 75' lang='lat' dir='ltr'><strong>repetitionem?</strong></span> <span class='ocrx_word' id='word_1_51' title='bbox 1113 726 1182 781; x_wconf 89' lang='lat' dir='ltr'><strong>Et</strong></span> <span class='ocrx_word' id='word_1_52' title='bbox 1207 726 1406 797; x_wconf 87' lang='lat' dir='ltr'><strong>placet,</strong></span> <span class='ocrx_word' id='word_1_53' title='bbox 1431 726 1804 797; x_wconf 79' lang='lat' dir='ltr'><strong>quamvisnon</strong></span> 
     </span>
     <span class='ocr_line' id='line_1_9' title="bbox 475 800 1807 875; baseline -0.004 -13"><span class='ocrx_word' id='word_1_54' title='bbox 475 806 545 862; x_wconf 90' lang='lat' dir='ltr'><strong>de</strong></span> <span class='ocrx_word' id='word_1_55' title='bbox 570 804 722 859; x_wconf 87' lang='lat' dir='ltr'><strong>lucro</strong></span> <span class='ocrx_word' id='word_1_56' title='bbox 759 806 1026 873; x_wconf 88' lang='lat' dir='ltr'><strong>captando</strong></span> <span class='ocrx_word' id='word_1_57' title='bbox 1065 803 1156 860; x_wconf 88' lang='lat' dir='ltr'><strong>hic</strong></span> <span class='ocrx_word' id='word_1_58' title='bbox 1195 810 1416 875; x_wconf 79' lang='lat' dir='ltr'><strong>agatur,</strong></span> <span class='ocrx_word' id='word_1_59' title='bbox 1441 800 1589 859; x_wconf 91' lang='lat' dir='ltr'><strong>utin</strong></span> <span class='ocrx_word' id='word_1_60' title='bbox 1615 818 1807 861; x_wconf 86' lang='lat' dir='ltr'><strong>usuca-</strong></span> 
     </span>
     <span class='ocr_line' id='line_1_10' title="bbox 479 882 1806 955; baseline -0.001 -16"><span class='ocrx_word' id='word_1_61' title='bbox 479 883 668 955; x_wconf 89' lang='lat' dir='ltr'><strong>pione,</strong></span> <span class='ocrx_word' id='word_1_62' title='bbox 691 882 782 939; x_wconf 86' lang='lat' dir='ltr'><strong>sed</strong></span> <span class='ocrx_word' id='word_1_63' title='bbox 811 883 879 939; x_wconf 89' lang='lat' dir='ltr'><strong>de</strong></span> <span class='ocrx_word' id='word_1_64' title='bbox 905 885 1108 939; x_wconf 89' lang='lat' dir='ltr'><strong>damno</strong></span> <span class='ocrx_word' id='word_1_65' title='bbox 1149 882 1398 939; x_wconf 85' lang='lat' dir='ltr'><strong>vitando:</strong></span> <span class='ocrx_word' id='word_1_66' title='bbox 1422 889 1633 947; x_wconf 88' lang='lat' dir='ltr'><strong>tamen,</strong></span> <span class='ocrx_word' id='word_1_67' title='bbox 1659 889 1717 938; x_wconf 89' lang='lat' dir='ltr'><strong>ut</strong></span> <span class='ocrx_word' id='word_1_68' title='bbox 1746 882 1806 938; x_wconf 90' lang='lat' dir='ltr'><strong>in</strong></span> 
     </span>
     <span class='ocr_line' id='line_1_11' title="bbox 477 959 1809 1035; baseline -0.002 -18"><span class='ocrx_word' id='word_1_69' title='bbox 477 962 832 1033; x_wconf 78' lang='lat' dir='ltr'><strong>usucapione,</strong></span> <span class='ocrx_word' id='word_1_70' title='bbox 856 962 1026 1019; x_wconf 86' lang='lat' dir='ltr'><strong>solam</strong></span> <span class='ocrx_word' id='word_1_71' title='bbox 1053 963 1302 1035; x_wconf 81' lang='lat' dir='ltr'><strong>prodesse</strong></span> <span class='ocrx_word' id='word_1_72' title='bbox 1339 959 1701 1031; x_wconf 77' lang='lat' dir='ltr'><strong>ignorantiam</strong></span> <span class='ocrx_word' id='word_1_73' title='bbox 1730 962 1809 1017; x_wconf 86' lang='lat' dir='ltr'><strong>fa-</strong></span> 
     </span>
     <span class='ocr_line' id='line_1_12' title="bbox 475 1039 1809 1112; baseline 0.001 -18"><span class='ocrx_word' id='word_1_74' title='bbox 475 1039 576 1095; x_wconf 87' lang='lat' dir='ltr'><strong>cti:</strong></span> <span class='ocrx_word' id='word_1_75' title='bbox 599 1039 740 1112; x_wconf 84' lang='lat' dir='ltr'><strong>juris</strong></span> <span class='ocrx_word' id='word_1_76' title='bbox 765 1054 1000 1096; x_wconf 87' lang='lat' dir='ltr'><strong>errorem</strong></span> <span class='ocrx_word' id='word_1_77' title='bbox 1030 1058 1140 1096; x_wconf 91' lang='lat' dir='ltr'><strong>non</strong></span> <span class='ocrx_word' id='word_1_78' title='bbox 1167 1040 1439 1111; x_wconf 81' lang='lat' dir='ltr'><strong>prodesse:</strong></span> <span class='ocrx_word' id='word_1_79' title='bbox 1465 1042 1585 1104; x_wconf 87' lang='lat' dir='ltr'><strong>sed,</strong></span> <span class='ocrx_word' id='word_1_80' title='bbox 1611 1040 1656 1095; x_wconf 86' lang='lat' dir='ltr'><strong>si</strong></span> <span class='ocrx_word' id='word_1_81' title='bbox 1682 1040 1809 1111; x_wconf 89' lang='lat' dir='ltr'><strong>quis</strong></span> 
     </span>
     <span class='ocr_line' id='line_1_13' title="bbox 477 1116 1814 1190; baseline -0.001 -16"><span class='ocrx_word' id='word_1_82' title='bbox 477 1118 580 1174; x_wconf 90' lang='lat' dir='ltr'><strong>hoc</strong></span> <span class='ocrx_word' id='word_1_83' title='bbox 603 1134 788 1174; x_wconf 88' lang='lat' dir='ltr'><strong>errore</strong></span> <span class='ocrx_word' id='word_1_84' title='bbox 815 1118 1123 1175; x_wconf 88' lang='lat' dir='ltr'><strong>indebitum</strong></span> <span class='ocrx_word' id='word_1_85' title='bbox 1163 1116 1353 1181; x_wconf 81' lang='lat' dir='ltr'><strong>solvit,</strong></span> <span class='ocrx_word' id='word_1_86' title='bbox 1377 1134 1584 1175; x_wconf 85' lang='lat' dir='ltr'><strong>cessare</strong></span> <span class='ocrx_word' id='word_1_87' title='bbox 1621 1118 1814 1190; x_wconf 85' lang='lat' dir='ltr'><strong>repeti-</strong></span> 
     </span>
     <span class='ocr_line' id='line_1_14' title="bbox 479 1195 1815 1268; baseline 0 -17"><span class='ocrx_word' id='word_1_88' title='bbox 479 1197 704 1253; x_wconf 86' lang='lat' dir='ltr'><strong>tionem.</strong></span> <span class='ocrx_word' id='word_1_89' title='bbox 742 1195 1030 1252; x_wconf 85' lang='lat' dir='ltr'><strong>Distinctio</strong></span> <span class='ocrx_word' id='word_1_90' title='bbox 1071 1212 1242 1268; x_wconf 84' lang='lat' dir='ltr'><strong>usque</strong></span> <span class='ocrx_word' id='word_1_91' title='bbox 1282 1197 1415 1251; x_wconf 87' lang='lat' dir='ltr'><strong>adeo</strong></span> <span class='ocrx_word' id='word_1_92' title='bbox 1439 1196 1625 1259; x_wconf 83' lang='lat' dir='ltr'><strong>certis,</strong></span> <span class='ocrx_word' id='word_1_93' title='bbox 1651 1204 1705 1251; x_wconf 90' lang='lat' dir='ltr'><strong>et</strong></span> <span class='ocrx_word' id='word_1_94' title='bbox 1731 1196 1815 1253; x_wconf 89' lang='lat' dir='ltr'><strong>di-</strong></span> 
     </span>
     <span class='ocr_line' id='line_1_15' title="bbox 476 1272 1814 1347; baseline -0.002 -15"><span class='ocrx_word' id='word_1_95' title='bbox 476 1280 614 1332; x_wconf 85' lang='lat' dir='ltr'><strong>serte</strong></span> <span class='ocrx_word' id='word_1_96' title='bbox 653 1275 866 1347; x_wconf 86' lang='lat' dir='ltr'><strong>scriptis</strong></span> <span class='ocrx_word' id='word_1_97' title='bbox 903 1276 1036 1331; x_wconf 86' lang='lat' dir='ltr'><strong>locis</strong></span> <span class='ocrx_word' id='word_1_98' title='bbox 1074 1272 1448 1345; x_wconf 85' lang='lat' dir='ltr'><strong>compluribus</strong></span> <span class='ocrx_word' id='word_1_99' title='bbox 1487 1274 1712 1331; x_wconf 89' lang='lat' dir='ltr'><strong>tradita:</strong></span> <span class='ocrx_word' id='word_1_100' title='bbox 1752 1281 1814 1330; x_wconf 87' lang='lat' dir='ltr'><strong>ut</strong></span> 
     </span>
     <span class='ocr_line' id='line_1_16' title="bbox 477 1352 1810 1426; baseline -0.002 -16"><span class='ocrx_word' id='word_1_101' title='bbox 477 1354 623 1411; x_wconf 87' lang='lat' dir='ltr'><strong>nihil</strong></span> <span class='ocrx_word' id='word_1_102' title='bbox 653 1370 886 1425; x_wconf 85' lang='lat' dir='ltr'><strong>usquam</strong></span> <span class='ocrx_word' id='word_1_103' title='bbox 913 1352 1174 1426; x_wconf 86' lang='lat' dir='ltr'><strong>scriptum</strong></span> <span class='ocrx_word' id='word_1_104' title='bbox 1214 1353 1284 1411; x_wconf 85' lang='lat' dir='ltr'><strong>sit</strong></span> <span class='ocrx_word' id='word_1_105' title='bbox 1323 1353 1576 1424; x_wconf 85' lang='lat' dir='ltr'><strong>apertius.</strong></span> <span class='ocrx_word' id='word_1_106' title='bbox 1607 1354 1666 1409; x_wconf 89' lang='lat' dir='ltr'><strong>L.</strong></span> <span class='ocrx_word' id='word_1_107' title='bbox 1688 1370 1810 1409; x_wconf 77' lang='lat' dir='ltr'><strong>eum</strong></span> 
     </span>
     <span class='ocr_line' id='line_1_17' title="bbox 476 1432 1813 1509; baseline -0.001 -21"><span class='ocrx_word' id='word_1_108' title='bbox 476 1436 624 1505; x_wconf 75' lang='lat' dir='ltr'><strong>quis,</strong></span> <span class='ocrx_word' id='word_1_109' title='bbox 649 1434 708 1489; x_wconf 78' lang='lat' dir='ltr'><strong>C.</strong></span> <span class='ocrx_word' id='word_1_110' title='bbox 737 1434 802 1487; x_wconf 82' lang='lat' dir='ltr'><strong>de</strong></span> <span class='ocrx_word' id='word_1_111' title='bbox 817 1438 936 1506; x_wconf 64' lang='lat' dir='ltr'><strong>jier.</strong></span> <span class='ocrx_word' id='word_1_112' title='bbox 961 1442 1010 1489; x_wconf 83' lang='lat' dir='ltr'><strong>et</strong></span> <span class='ocrx_word' id='word_1_113' title='bbox 1046 1437 1170 1509; x_wconf 73' lang='lat' dir='ltr'><strong>fact.</strong></span> <span class='ocrx_word' id='word_1_114' title='bbox 1195 1436 1310 1502; x_wconf 68' lang='lat' dir='ltr'><strong>im».</strong></span> <span class='ocrx_word' id='word_1_115' title='bbox 1339 1432 1400 1487; x_wconf 89' lang='lat' dir='ltr'><strong>L.</strong></span> <span class='ocrx_word' id='word_1_116' title='bbox 1425 1434 1652 1501; x_wconf 58' lang='grc' dir='ltr'><strong>τομαῖα,</strong></span> <span class='ocrx_word' id='word_1_117' title='bbox 1680 1433 1739 1503; x_wconf 65' lang='lat' dir='ltr'><strong>S.</strong></span> <span class='ocrx_word' id='word_1_118' title='bbox 1764 1434 1813 1487; x_wconf 74' lang='grc' dir='ltr'><strong>εἰ</strong></span> 
     </span>
     <span class='ocr_line' id='line_1_18' title="bbox 476 1510 1811 1583; baseline -0.001 -18"><span class='ocrx_word' id='word_1_119' title='bbox 476 1515 597 1583; x_wconf 77' lang='lat' dir='ltr'><strong>qm‘s</strong></span> <span class='ocrx_word' id='word_1_120' title='bbox 617 1515 741 1582; x_wconf 75' lang='lat' dir='ltr'><strong>jus.</strong></span> <span class='ocrx_word' id='word_1_121' title='bbox 769 1512 836 1568; x_wconf 88' lang='lat' dir='ltr'><strong>D.</strong></span> <span class='ocrx_word' id='word_1_122' title='bbox 875 1512 988 1567; x_wconf 81' lang='lat' dir='ltr'><strong>cod.</strong></span> <span class='ocrx_word' id='word_1_123' title='bbox 1014 1513 1074 1568; x_wconf 89' lang='lat' dir='ltr'><strong>L.</strong></span> <span class='ocrx_word' id='word_1_124' title='bbox 1101 1526 1281 1577; x_wconf 81' lang='lat' dir='ltr'><strong>error,</strong></span> <span class='ocrx_word' id='word_1_125' title='bbox 1309 1510 1368 1565; x_wconf 77' lang='lat' dir='ltr'><strong>C.</strong></span> <span class='ocrx_word' id='word_1_126' title='bbox 1393 1512 1469 1566; x_wconf 76' lang='lat' dir='ltr'><strong>ad</strong></span> <span class='ocrx_word' id='word_1_127' title='bbox 1504 1512 1630 1580; x_wconf 66' lang='grc' dir='ltr'><strong>[σῃ.</strong></span> <span class='ocrx_word' id='word_1_128' title='bbox 1666 1512 1811 1567; x_wconf 71' lang='lat' dir='ltr'><strong>Fato.</strong></span> 
     </span>
     <span class='ocr_line' id='line_1_19' title="bbox 478 1588 1813 1661; baseline -0.003 -14"><span class='ocrx_word' id='word_1_129' title='bbox 478 1591 542 1647; x_wconf 93' lang='lat' dir='ltr'><strong><em>L.</em></strong></span> <span class='ocrx_word' id='word_1_130' title='bbox 569 1592 617 1647; x_wconf 78' lang='lat' dir='ltr'><strong>si</strong></span> <span class='ocrx_word' id='word_1_131' title='bbox 649 1606 754 1659; x_wconf 84' lang='lat' dir='ltr'><strong>per</strong></span> <span class='ocrx_word' id='word_1_132' title='bbox 791 1593 1175 1661; x_wconf 65' lang='lat' dir='ltr'><strong>ionorantiam,</strong></span> <span class='ocrx_word' id='word_1_133' title='bbox 1227 1590 1288 1645; x_wconf 90' lang='lat' dir='ltr'><strong><em>L.</em></strong></span> <span class='ocrx_word' id='word_1_134' title='bbox 1326 1588 1813 1657; x_wconf 61' lang='lat' dir='ltr'><strong>fideicommissum:</strong></span> 
     </span>
     <span class='ocr_line' id='line_1_20' title="bbox 476 1665 1817 1741; baseline -0.003 -16"><span class='ocrx_word' id='word_1_135' title='bbox 476 1684 582 1741; x_wconf 73' lang='lat' dir='ltr'><strong>seq.</strong></span> <span class='ocrx_word' id='word_1_136' title='bbox 621 1670 680 1725; x_wconf 86' lang='lat' dir='ltr'><strong>C.</strong></span> <span class='ocrx_word' id='word_1_137' title='bbox 717 1671 782 1725; x_wconf 74' lang='lat' dir='ltr'><strong>dc</strong></span> <span class='ocrx_word' id='word_1_138' title='bbox 806 1671 956 1725; x_wconf 81' lang='lat' dir='ltr'><strong>cond.</strong></span> <span class='ocrx_word' id='word_1_139' title='bbox 995 1669 1110 1723; x_wconf 77' lang='lat' dir='ltr'><strong>ind.</strong></span> <span class='ocrx_word' id='word_1_140' title='bbox 1137 1669 1350 1736; x_wconf 79' lang='lat' dir='ltr'><strong>Negant</strong></span> <span class='ocrx_word' id='word_1_141' title='bbox 1374 1665 1514 1722; x_wconf 88' lang='lat' dir='ltr'><strong>illud</strong></span> <span class='ocrx_word' id='word_1_142' title='bbox 1553 1666 1817 1737; x_wconf 73' lang='lat' dir='ltr'><strong>posterius</strong></span> 
     </span>
     <span class='ocr_line' id='line_1_21' title="bbox 479 1746 1819 1819; baseline -0.003 -17"><span class='ocrx_word' id='word_1_143' title='bbox 479 1750 643 1819; x_wconf 86' lang='lat' dir='ltr'><strong>vulgo</strong></span> <span class='ocrx_word' id='word_1_144' title='bbox 671 1746 988 1819; x_wconf 85' lang='lat' dir='ltr'><strong>interpretes</strong></span> <span class='ocrx_word' id='word_1_145' title='bbox 1013 1748 1087 1801; x_wconf 79' lang='lat' dir='ltr'><strong>ad</strong></span> <span class='ocrx_word' id='word_1_146' title='bbox 1105 1748 1156 1801; x_wconf 82' lang='lat'><strong>(1.</strong></span> <span class='ocrx_word' id='word_1_147' title='bbox 1175 1747 1234 1802; x_wconf 96' lang='lat' dir='ltr'><strong>L.</strong></span> <span class='ocrx_word' id='word_1_148' title='bbox 1247 1762 1366 1799; x_wconf 82' lang='lat' dir='ltr'><strong>cum</strong></span> <span class='ocrx_word' id='word_1_149' title='bbox 1382 1747 1517 1816; x_wconf 73' lang='lat' dir='ltr'><strong>quis.</strong></span> <span class='ocrx_word' id='word_1_150' title='bbox 1531 1746 1705 1812; x_wconf 87' lang='lat' dir='ltr'><strong>Quem</strong></span> <span class='ocrx_word' id='word_1_151' title='bbox 1734 1759 1819 1799; x_wconf 89' lang='lat' dir='ltr'><strong>er·-</strong></span> 
     </span>
     <span class='ocr_line' id='line_1_22' title="bbox 479 1824 1815 1896; baseline -0.003 -15"><span class='ocrx_word' id='word_1_152' title='bbox 479 1842 658 1881; x_wconf 89' lang='lat' dir='ltr'><strong>rorem</strong></span> <span class='ocrx_word' id='word_1_153' title='bbox 687 1832 829 1882; x_wconf 89' lang='lat' dir='ltr'><strong>recte</strong></span> <span class='ocrx_word' id='word_1_154' title='bbox 854 1824 1056 1881; x_wconf 81' lang='lat' dir='ltr'><strong>refellit</strong></span> <span class='ocrx_word' id='word_1_155' title='bbox 1082 1825 1223 1880; x_wconf 89' lang='lat' dir='ltr'><strong>Baro</strong></span> <span class='ocrx_word' id='word_1_156' title='bbox 1259 1825 1333 1879; x_wconf 75' lang='lat' dir='ltr'><strong>ad</strong></span> <span class='ocrx_word' id='word_1_157' title='bbox 1357 1825 1416 1896; x_wconf 67' lang='lat' dir='ltr'><strong>S.</strong></span> <span class='ocrx_word' id='word_1_158' title='bbox 1447 1824 1496 1878; x_wconf 93' lang='grc'><strong>1.</strong></span> <span class='ocrx_word' id='word_1_159' title='bbox 1523 1824 1649 1879; x_wconf 73' lang='lat' dir='ltr'><strong>Inst.</strong></span> <span class='ocrx_word' id='word_1_160' title='bbox 1672 1824 1815 1895; x_wconf 74' lang='lat' dir='ltr'><strong>quib.</strong></span> 
     </span>
     <span class='ocr_line' id='line_1_23' title="bbox 479 1898 1813 1974; baseline -0.001 -15"><span class='ocrx_word' id='word_1_161' title='bbox 479 1906 617 1960; x_wconf 76' lang='lat' dir='ltr'><strong>mod.</strong></span> <span class='ocrx_word' id='word_1_162' title='bbox 642 1920 700 1959; x_wconf 77' lang='lat' dir='ltr'><strong>rc</strong></span> <span class='ocrx_word' id='word_1_163' title='bbox 728 1912 888 1961; x_wconf 79' lang='lat' dir='ltr'><strong>contr.</strong></span> <span class='ocrx_word' id='word_1_164' title='bbox 914 1905 1016 1960; x_wconf 83' lang='lat' dir='ltr'><strong>obl.</strong></span> <span class='ocrx_word' id='word_1_165' title='bbox 1032 1904 1100 1959; x_wconf 88' lang='lat' dir='ltr'><strong>Et</strong></span> <span class='ocrx_word' id='word_1_166' title='bbox 1123 1907 1267 1974; x_wconf 66' lang='lat' dir='ltr'><strong>certe</strong></span> <span class='ocrx_word' id='word_1_167' title='bbox 1291 1901 1468 1971; x_wconf 87' lang='lat' dir='ltr'><strong>magis</strong></span> <span class='ocrx_word' id='word_1_168' title='bbox 1493 1898 1699 1957; x_wconf 88' lang='lat' dir='ltr'><strong>mirum</strong></span> <span class='ocrx_word' id='word_1_169' title='bbox 1726 1901 1813 1966; x_wconf 84' lang='lat' dir='ltr'><strong>sit,</strong></span> 
     </span>
     <span class='ocr_line' id='line_1_24' title="bbox 479 1979 1813 2055; baseline -0.003 -17"><span class='ocrx_word' id='word_1_170' title='bbox 479 1997 814 2055; x_wconf 88' lang='lat' dir='ltr'><strong>quemquam</strong></span> <span class='ocrx_word' id='word_1_171' title='bbox 830 2023 844 2050; x_wconf 91' lang='lat'><strong>,</strong></span> <span class='ocrx_word' id='word_1_172' title='bbox 871 1982 1242 2054; x_wconf 89' lang='lat' dir='ltr'><strong>superioribus</strong></span> <span class='ocrx_word' id='word_1_173' title='bbox 1267 1980 1403 2037; x_wconf 83' lang='lat' dir='ltr'><strong>locis</strong></span> <span class='ocrx_word' id='word_1_174' title='bbox 1425 1979 1675 2051; x_wconf 76' lang='lat' dir='ltr'><strong>cognitis,</strong></span> <span class='ocrx_word' id='word_1_175' title='bbox 1688 1995 1813 2035; x_wconf 91' lang='lat' dir='ltr'><strong>eum</strong></span> 
     </span>
     <span class='ocr_line' id='line_1_25' title="bbox 480 2058 1817 2117; baseline -0.002 -1"><span class='ocrx_word' id='word_1_176' title='bbox 480 2076 720 2117; x_wconf 88' lang='lat' dir='ltr'><strong>errorem</strong></span> <span class='ocrx_word' id='word_1_177' title='bbox 759 2077 872 2117; x_wconf 92' lang='lat' dir='ltr'><strong>non</strong></span> <span class='ocrx_word' id='word_1_178' title='bbox 915 2060 1364 2116; x_wconf 87' lang='lat' dir='ltr'><strong>animadvertere.</strong></span> <span class='ocrx_word' id='word_1_179' title='bbox 1417 2059 1597 2113; x_wconf 81' lang='lat' dir='ltr'><strong>Movet</strong></span> <span class='ocrx_word' id='word_1_180' title='bbox 1647 2058 1817 2115; x_wconf 83' lang='lat' dir='ltr'><strong>inter·</strong></span> 
     </span>
     <span class='ocr_line' id='line_1_26' title="bbox 479 2135 1812 2211; baseline -0.003 -16"><span class='ocrx_word' id='word_1_181' title='bbox 479 2146 654 2211; x_wconf 85' lang='lat' dir='ltr'><strong>pretes</strong></span> <span class='ocrx_word' id='word_1_182' title='bbox 681 2138 805 2196; x_wconf 91' lang='lat' dir='ltr'><strong>illos</strong></span> <span class='ocrx_word' id='word_1_183' title='bbox 822 2180 836 2203; x_wconf 95' lang='lat'><strong>,</strong></span> <span class='ocrx_word' id='word_1_184' title='bbox 861 2140 1009 2211; x_wconf 91' lang='lat' dir='ltr'><strong>quod</strong></span> <span class='ocrx_word' id='word_1_185' title='bbox 1043 2138 1379 2211; x_wconf 84' lang='lat' dir='ltr'><strong>Papinianus</strong></span> <span class='ocrx_word' id='word_1_186' title='bbox 1403 2135 1596 2193; x_wconf 85' lang='lat' dir='ltr'><strong>scribit</strong></span> <span class='ocrx_word' id='word_1_187' title='bbox 1620 2138 1812 2201; x_wconf 88' lang='lat' dir='ltr'><strong>modo,</strong></span> 
     </span>
     <span class='ocr_line' id='line_1_27' title="bbox 478 2214 1813 2289; baseline -0.002 -15"><span class='ocrx_word' id='word_1_188' title='bbox 478 2218 623 2289; x_wconf 86' lang='lat' dir='ltr'><strong>juris</strong></span> <span class='ocrx_word' id='word_1_189' title='bbox 661 2217 1024 2288; x_wconf 82' lang='lat' dir='ltr'><strong>ignorantiam</strong></span> <span class='ocrx_word' id='word_1_190' title='bbox 1066 2232 1258 2273; x_wconf 88' lang='lat' dir='ltr'><strong>nocere</strong></span> <span class='ocrx_word' id='word_1_191' title='bbox 1291 2232 1452 2273; x_wconf 90' lang='lat' dir='ltr'><strong>suum</strong></span> <span class='ocrx_word' id='word_1_192' title='bbox 1477 2214 1813 2286; x_wconf 83' lang='lat' dir='ltr'><strong>petentibus.</strong></span> 
     </span>
     <span class='ocr_line' id='line_1_28' title="bbox 479 2293 1817 2368; baseline -0.001 -16"><span class='ocrx_word' id='word_1_193' title='bbox 479 2299 646 2352; x_wconf 88' lang='lat' dir='ltr'><strong>modo</strong></span> <span class='ocrx_word' id='word_1_194' title='bbox 691 2296 834 2368; x_wconf 80' lang='lat' dir='ltr'><strong>juris</strong></span> <span class='ocrx_word' id='word_1_195' title='bbox 887 2312 1124 2353; x_wconf 88' lang='lat' dir='ltr'><strong>errorem</strong></span> <span class='ocrx_word' id='word_1_196' title='bbox 1177 2294 1434 2352; x_wconf 88' lang='lat' dir='ltr'><strong>omnibus</strong></span> <span class='ocrx_word' id='word_1_197' title='bbox 1487 2294 1545 2348; x_wconf 86' lang='lat' dir='ltr'><strong>in</strong></span> <span class='ocrx_word' id='word_1_198' title='bbox 1597 2293 1817 2351; x_wconf 86' lang='lat' dir='ltr'><strong>damnis</strong></span> 
     </span>
     <span class='ocr_line' id='line_1_29' title="bbox 481 2375 1815 2443; baseline -0.001 -14"><span class='ocrx_word' id='word_1_199' title='bbox 481 2375 793 2431; x_wconf 61' lang='lat' dir='ltr'><strong>amittenda!</strong></span> <span class='ocrx_word' id='word_1_200' title='bbox 810 2375 889 2431; x_wconf 90' lang='lat' dir='ltr'><strong>rei</strong></span> <span class='ocrx_word' id='word_1_201' title='bbox 906 2392 1016 2433; x_wconf 80' lang='lat' dir='ltr'><strong>suae</strong></span> <span class='ocrx_word' id='word_1_202' title='bbox 1042 2390 1154 2429; x_wconf 91' lang='lat' dir='ltr'><strong>non</strong></span> <span class='ocrx_word' id='word_1_203' title='bbox 1180 2390 1388 2430; x_wconf 87' lang='lat' dir='ltr'><strong>nocere.</strong></span> <span class='ocrx_word' id='word_1_204' title='bbox 1409 2376 1467 2430; x_wconf 75' lang='grc' dir='ltr'><strong>Ι..</strong></span> <span class='ocrx_word' id='word_1_205' title='bbox 1487 2375 1638 2443; x_wconf 74' lang='lat' dir='ltr'><strong>juris</strong></span> <span class='ocrx_word' id='word_1_206' title='bbox 1659 2376 1815 2442; x_wconf 70' lang='lat' dir='ltr'><strong>iquo-</strong></span> 
     </span>
     <span class='ocr_line' id='line_1_30' title="bbox 481 2452 1819 2524; baseline -0.001 -17"><span class='ocrx_word' id='word_1_207' title='bbox 481 2458 697 2515; x_wconf 69' lang='lat' dir='ltr'><strong>rmzuu,</strong></span> <span class='ocrx_word' id='word_1_208' title='bbox 734 2454 788 2508; x_wconf 85' lang='lat' dir='ltr'><strong>L.</strong></span> <span class='ocrx_word' id='word_1_209' title='bbox 827 2470 1004 2515; x_wconf 81' lang='lat' dir='ltr'><strong>error,</strong></span> <span class='ocrx_word' id='word_1_210' title='bbox 1027 2468 1130 2524; x_wconf 76' lang='lat' dir='ltr'><strong>seq.</strong></span> <span class='ocrx_word' id='word_1_211' title='bbox 1161 2452 1223 2509; x_wconf 88' lang='lat' dir='ltr'><strong><em>D.</em></strong></span> <span class='ocrx_word' id='word_1_212' title='bbox 1249 2455 1359 2509; x_wconf 75' lang='lat' dir='ltr'><strong>eod.</strong></span> <span class='ocrx_word' id='word_1_213' title='bbox 1401 2454 1646 2520; x_wconf 82' lang='lat' dir='ltr'><strong>Quorum</strong></span> <span class='ocrx_word' id='word_1_214' title='bbox 1686 2467 1819 2506; x_wconf 89' lang='lat' dir='ltr'><strong>neu-</strong></span> 
     </span>
     <span class='ocr_line' id='line_1_31' title="bbox 480 2529 1813 2604; baseline -0.001 -18"><span class='ocrx_word' id='word_1_215' title='bbox 480 2536 628 2587; x_wconf 88' lang='lat' dir='ltr'><strong>trum</strong></span> <span class='ocrx_word' id='word_1_216' title='bbox 667 2532 974 2604; x_wconf 80' lang='lat' dir='ltr'><strong>quidquam</strong></span> <span class='ocrx_word' id='word_1_217' title='bbox 1018 2532 1089 2587; x_wconf 87' lang='lat' dir='ltr'><strong>ad</strong></span> <span class='ocrx_word' id='word_1_218' title='bbox 1114 2548 1228 2587; x_wconf 91' lang='lat' dir='ltr'><strong>rem</strong></span> <span class='ocrx_word' id='word_1_219' title='bbox 1258 2532 1507 2603; x_wconf 83' lang='lat' dir='ltr'><strong>pertinet.</strong></span> <span class='ocrx_word' id='word_1_220' title='bbox 1533 2530 1673 2585; x_wconf 83' lang='lat' dir='ltr'><strong>Nam</strong></span> <span class='ocrx_word' id='word_1_221' title='bbox 1716 2529 1813 2601; x_wconf 90' lang='lat' dir='ltr'><strong>qui</strong></span> 
     </span>
     <span class='ocr_line' id='line_1_32' title="bbox 484 2609 1815 2683; baseline -0.002 -17"><span class='ocrx_word' id='word_1_222' title='bbox 484 2610 792 2668; x_wconf 89' lang='lat' dir='ltr'><strong>indebitum</strong></span> <span class='ocrx_word' id='word_1_223' title='bbox 819 2613 1056 2668; x_wconf 87' lang='lat' dir='ltr'><strong>solutum</strong></span> <span class='ocrx_word' id='word_1_224' title='bbox 1083 2611 1498 2683; x_wconf 86' lang='lat' dir='ltr'><strong>petit‚alienum</strong></span> <span class='ocrx_word' id='word_1_225' title='bbox 1527 2609 1677 2680; x_wconf 88' lang='lat' dir='ltr'><strong>petit,</strong></span> <span class='ocrx_word' id='word_1_226' title='bbox 1704 2625 1815 2664; x_wconf 92' lang='lat' dir='ltr'><strong>non</strong></span> 
     </span>
     <span class='ocr_line' id='line_1_33' title="bbox 480 2689 1817 2756; baseline -0.004 -9"><span class='ocrx_word' id='word_1_227' title='bbox 480 2707 662 2747; x_wconf 84' lang='lat' dir='ltr'><strong>snum.</strong></span> <span class='ocrx_word' id='word_1_228' title='bbox 702 2689 862 2746; x_wconf 86' lang='lat' dir='ltr'><strong>Prius</strong></span> <span class='ocrx_word' id='word_1_229' title='bbox 909 2690 1088 2756; x_wconf 90' lang='lat' dir='ltr'><strong>enim,</strong></span> <span class='ocrx_word' id='word_1_230' title='bbox 1128 2696 1193 2746; x_wconf 89' lang='lat' dir='ltr'><strong>ut</strong></span> <span class='ocrx_word' id='word_1_231' title='bbox 1243 2691 1388 2755; x_wconf 80' lang='lat' dir='ltr'><strong>dixi,</strong></span> <span class='ocrx_word' id='word_1_232' title='bbox 1429 2690 1725 2753; x_wconf 88' lang='lat' dir='ltr'><strong>tradendo,</strong></span> <span class='ocrx_word' id='word_1_233' title='bbox 1764 2694 1817 2742; x_wconf 88' lang='lat' dir='ltr'><strong>et</strong></span> 
     </span>
     <span class='ocr_line' id='line_1_34' title="bbox 483 2765 1813 2834; baseline -0.002 -10"><span class='ocrx_word' id='word_1_234' title='bbox 483 2768 724 2824; x_wconf 88' lang='lat' dir='ltr'><strong>alienum</strong></span> <span class='ocrx_word' id='word_1_235' title='bbox 755 2768 1030 2834; x_wconf 88' lang='lat' dir='ltr'><strong>faciendo,</strong></span> <span class='ocrx_word' id='word_1_236' title='bbox 1056 2786 1215 2825; x_wconf 89' lang='lat' dir='ltr'><strong>suum</strong></span> <span class='ocrx_word' id='word_1_237' title='bbox 1255 2769 1456 2825; x_wconf 91' lang='lat' dir='ltr'><strong>habere</strong></span> <span class='ocrx_word' id='word_1_238' title='bbox 1493 2765 1670 2823; x_wconf 86' lang='lat' dir='ltr'><strong>desiit.</strong></span> <span class='ocrx_word' id='word_1_239' title='bbox 1694 2767 1813 2834; x_wconf 86' lang='lat' dir='ltr'><strong>Qua</strong></span> 
     </span>
     <span class='ocr_line' id='line_1_35' title="bbox 481 2846 1813 2916; baseline -0.001 -13"><span class='ocrx_word' id='word_1_240' title='bbox 481 2849 674 2903; x_wconf 88' lang='lat' dir='ltr'><strong>eadem</strong></span> <span class='ocrx_word' id='word_1_241' title='bbox 715 2865 782 2903; x_wconf 78' lang='lat' dir='ltr'><strong>ex</strong></span> <span class='ocrx_word' id='word_1_242' title='bbox 821 2863 880 2903; x_wconf 88' lang='lat' dir='ltr'><strong>re</strong></span> <span class='ocrx_word' id='word_1_243' title='bbox 919 2847 1123 2912; x_wconf 75' lang='lat' dir='ltr'><strong>evenit,</strong></span> <span class='ocrx_word' id='word_1_244' title='bbox 1164 2853 1225 2902; x_wconf 89' lang='lat' dir='ltr'><strong>ut</strong></span> <span class='ocrx_word' id='word_1_245' title='bbox 1265 2848 1557 2909; x_wconf 80' lang='lat' dir='ltr'><strong>damnum,</strong></span> <span class='ocrx_word' id='word_1_246' title='bbox 1596 2846 1665 2900; x_wconf 90' lang='lat' dir='ltr'><strong>de</strong></span> <span class='ocrx_word' id='word_1_247' title='bbox 1702 2861 1813 2916; x_wconf 89' lang='lat' dir='ltr'><strong>quo</strong></span> 
     </span>
     <span class='ocr_line' id='line_1_36' title="bbox 482 2923 1811 2996; baseline -0.002 -13"><span class='ocrx_word' id='word_1_248' title='bbox 482 2927 574 2983; x_wconf 89' lang='lat' dir='ltr'><strong>hic</strong></span> <span class='ocrx_word' id='word_1_249' title='bbox 601 2926 800 2996; x_wconf 86' lang='lat' dir='ltr'><strong>agitur,</strong></span> <span class='ocrx_word' id='word_1_250' title='bbox 816 2929 1080 2982; x_wconf 89' lang='lat' dir='ltr'><strong>damnum</strong></span> <span class='ocrx_word' id='word_1_251' title='bbox 1109 2925 1180 2982; x_wconf 89' lang='lat' dir='ltr'><strong>sit</strong></span> <span class='ocrx_word' id='word_1_252' title='bbox 1205 2943 1327 2981; x_wconf 82' lang='lat' dir='ltr'><strong>vere</strong></span> <span class='ocrx_word' id='word_1_253' title='bbox 1353 2923 1562 2981; x_wconf 82' lang='lat' dir='ltr'><strong>arnissae</strong></span> <span class='ocrx_word' id='word_1_254' title='bbox 1587 2923 1666 2978; x_wconf 87' lang='lat' dir='ltr'><strong>rei</strong></span> <span class='ocrx_word' id='word_1_255' title='bbox 1685 2941 1811 2988; x_wconf 71' lang='lat' dir='ltr'><strong>sum,</strong></span> 
     </span>
     <span class='ocr_line' id='line_1_37' title="bbox 481 3001 1817 3075; baseline -0.002 -14"><span class='ocrx_word' id='word_1_256' title='bbox 481 3023 592 3062; x_wconf 89' lang='lat' dir='ltr'><strong>non</strong></span> <span class='ocrx_word' id='word_1_257' title='bbox 635 3005 963 3068; x_wconf 77' lang='lat' dir='ltr'><strong>amittendae.</strong></span> <span class='ocrx_word' id='word_1_258' title='bbox 988 3005 1175 3061; x_wconf 82' lang='lat' dir='ltr'><strong>Manet</strong></span> <span class='ocrx_word' id='word_1_259' title='bbox 1215 3005 1384 3075; x_wconf 87' lang='lat' dir='ltr'><strong>igitur</strong></span> <span class='ocrx_word' id='word_1_260' title='bbox 1412 3001 1689 3060; x_wconf 87' lang='lat' dir='ltr'><strong>distinctio</strong></span> <span class='ocrx_word' id='word_1_261' title='bbox 1727 3019 1817 3059; x_wconf 87' lang='lat' dir='ltr'><strong>su-</strong></span> 
     </span>
     <span class='ocr_line' id='line_1_38' title="bbox 482 3081 1817 3156; baseline -0.002 -17"><span class='ocrx_word' id='word_1_262' title='bbox 482 3083 662 3156; x_wconf 88' lang='lat' dir='ltr'><strong>perior</strong></span> <span class='ocrx_word' id='word_1_263' title='bbox 691 3083 746 3138; x_wconf 88' lang='lat' dir='ltr'><strong>in</strong></span> <span class='ocrx_word' id='word_1_264' title='bbox 789 3082 1022 3140; x_wconf 83' lang='lat' dir='ltr'><strong>indebiti</strong></span> <span class='ocrx_word' id='word_1_265' title='bbox 1065 3083 1228 3140; x_wconf 89' lang='lat' dir='ltr'><strong>soluti</strong></span> <span class='ocrx_word' id='word_1_266' title='bbox 1269 3081 1640 3146; x_wconf 88' lang='lat' dir='ltr'><strong>condictione,</strong></span> <span class='ocrx_word' id='word_1_267' title='bbox 1666 3085 1718 3136; x_wconf 90' lang='lat' dir='ltr'><strong>et</strong></span> <span class='ocrx_word' id='word_1_268' title='bbox 1743 3081 1817 3137; x_wconf 91' lang='lat' dir='ltr'><strong>si—</strong></span> 
     </span>
     <span class='ocr_line' id='line_1_39' title="bbox 482 3159 1812 3234; baseline -0.002 -16"><span class='ocrx_word' id='word_1_269' title='bbox 482 3164 599 3219; x_wconf 90' lang='lat' dir='ltr'><strong>mul</strong></span> <span class='ocrx_word' id='word_1_270' title='bbox 641 3163 830 3234; x_wconf 85' lang='lat' dir='ltr'><strong>probat</strong></span> <span class='ocrx_word' id='word_1_271' title='bbox 869 3163 984 3219; x_wconf 84' lang='lat' dir='ltr'><strong>haec</strong></span> <span class='ocrx_word' id='word_1_272' title='bbox 1021 3163 1246 3234; x_wconf 66' lang='lat' dir='ltr'><strong>species,</strong></span> <span class='ocrx_word' id='word_1_273' title='bbox 1286 3163 1434 3234; x_wconf 91' lang='lat' dir='ltr'><strong>quod</strong></span> <span class='ocrx_word' id='word_1_274' title='bbox 1475 3159 1621 3225; x_wconf 84' lang='lat' dir='ltr'><strong>dixi,</strong></span> <span class='ocrx_word' id='word_1_275' title='bbox 1647 3161 1812 3216; x_wconf 88' lang='lat' dir='ltr'><strong>etiam</strong></span> 
     </span>
     <span class='ocr_line' id='line_1_40' title="bbox 485 3240 1816 3314; baseline -0.002 -18"><span class='ocrx_word' id='word_1_276' title='bbox 485 3240 544 3296; x_wconf 91' lang='lat' dir='ltr'><strong>in</strong></span> <span class='ocrx_word' id='word_1_277' title='bbox 570 3242 789 3297; x_wconf 89' lang='lat' dir='ltr'><strong>damnis</strong></span> <span class='ocrx_word' id='word_1_278' title='bbox 809 3241 950 3314; x_wconf 77' lang='lat' dir='ltr'><strong>juris</strong></span> <span class='ocrx_word' id='word_1_279' title='bbox 973 3257 1210 3298; x_wconf 91' lang='lat' dir='ltr'><strong>errorem</strong></span> <span class='ocrx_word' id='word_1_280' title='bbox 1237 3257 1444 3304; x_wconf 87' lang='lat' dir='ltr'><strong>nocere,</strong></span> <span class='ocrx_word' id='word_1_281' title='bbox 1470 3254 1532 3293; x_wconf 89' lang='lat' dir='ltr'><strong>ac</strong></span> <span class='ocrx_word' id='word_1_282' title='bbox 1557 3253 1670 3294; x_wconf 87' lang='lat' dir='ltr'><strong>non</strong></span> <span class='ocrx_word' id='word_1_283' title='bbox 1695 3245 1816 3294; x_wconf 88' lang='lat' dir='ltr'><strong>tan-</strong></span> 
     </span>
     <span class='ocr_line' id='line_1_41' title="bbox 485 3319 1514 3390; baseline -0.001 -16"><span class='ocrx_word' id='word_1_284' title='bbox 485 3324 602 3376; x_wconf 87' lang='lat' dir='ltr'><strong>tum</strong></span> <span class='ocrx_word' id='word_1_285' title='bbox 632 3319 690 3374; x_wconf 90' lang='lat' dir='ltr'><strong>in</strong></span> <span class='ocrx_word' id='word_1_286' title='bbox 715 3319 1068 3390; x_wconf 80' lang='lat' dir='ltr'><strong>compendiis.</strong></span> <span class='ocrx_word' id='word_1_287' title='bbox 1504 3348 1514 3356; x_wconf 34' lang='grc' dir='ltr'>κ</span> 
     </span>
    </p>

    <p class='ocr_par' dir='ltr' id='par_1_2' title="bbox 485 3394 1821 4811">
     <span class='ocr_line' id='line_1_42' title="bbox 562 3394 1811 3469; baseline -0.001 -16"><span class='ocrx_word' id='word_1_288' title='bbox 562 3397 719 3453; x_wconf 77' lang='lat' dir='ltr'><strong>xm.</strong></span> <span class='ocrx_word' id='word_1_289' title='bbox 759 3399 864 3454; x_wconf 92' lang='lat' dir='ltr'><strong>Sed</strong></span> <span class='ocrx_word' id='word_1_290' title='bbox 905 3397 1048 3452; x_wconf 88' lang='lat' dir='ltr'><strong>inter</strong></span> <span class='ocrx_word' id='word_1_291' title='bbox 1086 3399 1186 3454; x_wconf 88' lang='lat' dir='ltr'><strong>hoc</strong></span> <span class='ocrx_word' id='word_1_292' title='bbox 1225 3414 1426 3469; x_wconf 88' lang='lat' dir='ltr'><strong>genus,</strong></span> <span class='ocrx_word' id='word_1_293' title='bbox 1463 3403 1516 3452; x_wconf 86' lang='lat' dir='ltr'><strong>et</strong></span> <span class='ocrx_word' id='word_1_294' title='bbox 1563 3394 1811 3467; x_wconf 86' lang='lat' dir='ltr'><strong>superius</strong></span> 
     </span>
     <span class='ocr_line' id='line_1_43' title="bbox 487 3473 1817 3549; baseline -0.004 -17"><span class='ocrx_word' id='word_1_295' title='bbox 487 3476 588 3532; x_wconf 92' lang='lat' dir='ltr'><strong>hoc</strong></span> <span class='ocrx_word' id='word_1_296' title='bbox 606 3476 838 3539; x_wconf 86' lang='lat' dir='ltr'><strong>interest,</strong></span> <span class='ocrx_word' id='word_1_297' title='bbox 851 3478 997 3547; x_wconf 90' lang='lat' dir='ltr'><strong>quod</strong></span> <span class='ocrx_word' id='word_1_298' title='bbox 1012 3477 1264 3547; x_wconf 57' lang='lat' dir='ltr'><strong>quassdam</strong></span> <span class='ocrx_word' id='word_1_299' title='bbox 1291 3493 1532 3549; x_wconf 69' lang='lat' dir='ltr'><strong>persons}</strong></span> <span class='ocrx_word' id='word_1_300' title='bbox 1556 3474 1646 3531; x_wconf 88' lang='lat' dir='ltr'><strong>hic</strong></span> <span class='ocrx_word' id='word_1_301' title='bbox 1674 3473 1817 3530; x_wconf 77' lang='lat' dir='ltr'><strong>exci-</strong></span> 
     </span>
     <span class='ocr_line' id='line_1_44' title="bbox 485 3552 1818 3626; baseline -0.002 -18"><span class='ocrx_word' id='word_1_302' title='bbox 485 3553 738 3626; x_wconf 89' lang='lat' dir='ltr'><strong>piuntur,</strong></span> <span class='ocrx_word' id='word_1_303' title='bbox 766 3556 972 3625; x_wconf 85' lang='lat' dir='ltr'><strong>plures,</strong></span> <span class='ocrx_word' id='word_1_304' title='bbox 997 3569 1166 3622; x_wconf 87' lang='lat' dir='ltr'><strong>quam</strong></span> <span class='ocrx_word' id='word_1_305' title='bbox 1197 3554 1256 3610; x_wconf 90' lang='lat' dir='ltr'><strong>in</strong></span> <span class='ocrx_word' id='word_1_306' title='bbox 1294 3555 1597 3626; x_wconf 83' lang='lat' dir='ltr'><strong>superiore,</strong></span> <span class='ocrx_word' id='word_1_307' title='bbox 1625 3559 1685 3608; x_wconf 87' lang='lat' dir='ltr'><strong>ut</strong></span> <span class='ocrx_word' id='word_1_308' title='bbox 1712 3552 1818 3606; x_wconf 82' lang='lat' dir='ltr'><strong>mi-</strong></span> 
     </span>
     <span class='ocr_line' id='line_1_45' title="bbox 487 3631 1819 3703; baseline -0.002 -16"><span class='ocrx_word' id='word_1_309' title='bbox 487 3647 591 3688; x_wconf 91' lang='lat' dir='ltr'><strong>nus</strong></span> <span class='ocrx_word' id='word_1_310' title='bbox 618 3633 707 3688; x_wconf 90' lang='lat' dir='ltr'><strong>hic</strong></span> <span class='ocrx_word' id='word_1_311' title='bbox 742 3632 882 3703; x_wconf 74' lang='lat' dir='ltr'><strong>iuris</strong></span> <span class='ocrx_word' id='word_1_312' title='bbox 925 3631 1228 3701; x_wconf 76' lang='lat' dir='ltr'><strong>ignorantia</strong></span> <span class='ocrx_word' id='word_1_313' title='bbox 1270 3639 1482 3698; x_wconf 86' lang='lat' dir='ltr'><strong>noceat,</strong></span> <span class='ocrx_word' id='word_1_314' title='bbox 1521 3634 1660 3688; x_wconf 84' lang='lat' dir='ltr'><strong>sicut</strong></span> <span class='ocrx_word' id='word_1_315' title='bbox 1696 3647 1819 3702; x_wconf 88' lang='lat' dir='ltr'><strong>pro-</strong></span> 
     </span>
     <span class='ocr_line' id='line_1_46' title="bbox 488 3710 1815 3782; baseline -0.002 -16"><span class='ocrx_word' id='word_1_316' title='bbox 488 3712 782 3782; x_wconf 86' lang='lat' dir='ltr'><strong>posuimus.</strong></span> <span class='ocrx_word' id='word_1_317' title='bbox 819 3711 886 3766; x_wconf 85' lang='lat' dir='ltr'><strong>ln</strong></span> <span class='ocrx_word' id='word_1_318' title='bbox 925 3711 1290 3780; x_wconf 86' lang='lat' dir='ltr'><strong>compendiis.</strong></span> <span class='ocrx_word' id='word_1_319' title='bbox 1329 3717 1380 3766; x_wconf 85' lang='lat' dir='ltr'><strong>et</strong></span> <span class='ocrx_word' id='word_1_320' title='bbox 1430 3710 1598 3767; x_wconf 87' lang='lat' dir='ltr'><strong>lucris</strong></span> <span class='ocrx_word' id='word_1_321' title='bbox 1636 3710 1815 3767; x_wconf 88' lang='lat' dir='ltr'><strong>solum</strong></span> 
     </span>
     <span class='ocr_line' id='line_1_47' title="bbox 487 3788 1817 3861; baseline -0.002 -17"><span class='ocrx_word' id='word_1_322' title='bbox 487 3789 794 3861; x_wconf 86' lang='lat' dir='ltr'><strong>excepimus</strong></span> <span class='ocrx_word' id='word_1_323' title='bbox 819 3788 1088 3853; x_wconf 89' lang='lat' dir='ltr'><strong>minores,</strong></span> <span class='ocrx_word' id='word_1_324' title='bbox 1113 3794 1166 3842; x_wconf 89' lang='lat' dir='ltr'><strong>et</strong></span> <span class='ocrx_word' id='word_1_325' title='bbox 1190 3789 1406 3846; x_wconf 83' lang='lat' dir='ltr'><strong>milites.</strong></span> <span class='ocrx_word' id='word_1_326' title='bbox 1447 3789 1556 3844; x_wconf 91' lang='lat' dir='ltr'><strong>l-lic</strong></span> <span class='ocrx_word' id='word_1_327' title='bbox 1581 3795 1817 3858; x_wconf 88' lang='lat' dir='ltr'><strong>quatuor</strong></span> 
     </span>
     <span class='ocr_line' id='line_1_48' title="bbox 487 3866 1816 3940; baseline 0 -18"><span class='ocrx_word' id='word_1_328' title='bbox 487 3868 862 3940; x_wconf 85' lang='lat' dir='ltr'><strong>excipiuntur:</strong></span> <span class='ocrx_word' id='word_1_329' title='bbox 901 3867 1143 3938; x_wconf 90' lang='lat' dir='ltr'><strong>primum</strong></span> <span class='ocrx_word' id='word_1_330' title='bbox 1187 3867 1242 3922; x_wconf 87' lang='lat' dir='ltr'><strong>bi</strong></span> <span class='ocrx_word' id='word_1_331' title='bbox 1286 3866 1388 3937; x_wconf 86' lang='lat' dir='ltr'><strong>ipsi</strong></span> <span class='ocrx_word' id='word_1_332' title='bbox 1429 3868 1602 3923; x_wconf 88' lang='lat' dir='ltr'><strong>multo</strong></span> <span class='ocrx_word' id='word_1_333' title='bbox 1642 3867 1816 3938; x_wconf 86' lang='lat' dir='ltr'><strong>magis</strong></span> 
     </span>
     <span class='ocr_line' id='line_1_49' title="bbox 487 3944 1813 4016; baseline 0 -16"><span class='ocrx_word' id='word_1_334' title='bbox 487 3947 752 4014; x_wconf 83' lang='lat' dir='ltr'><strong>minores,</strong></span> <span class='ocrx_word' id='word_1_335' title='bbox 793 3950 847 4002; x_wconf 91' lang='lat' dir='ltr'><strong>et</strong></span> <span class='ocrx_word' id='word_1_336' title='bbox 884 3945 1115 4002; x_wconf 86' lang='lat' dir='ltr'><strong>milites:</strong></span> <span class='ocrx_word' id='word_1_337' title='bbox 1141 3950 1258 4000; x_wconf 89' lang='lat' dir='ltr'><strong>tum</strong></span> <span class='ocrx_word' id='word_1_338' title='bbox 1298 3953 1488 4016; x_wconf 83' lang='lat' dir='ltr'><strong>praeter</strong></span> <span class='ocrx_word' id='word_1_339' title='bbox 1513 3944 1612 4001; x_wconf 89' lang='lat' dir='ltr'><strong>bos</strong></span> <span class='ocrx_word' id='word_1_340' title='bbox 1649 3945 1813 4000; x_wconf 86' lang='lat' dir='ltr'><strong>etiam</strong></span> 
     </span>
     <span class='ocr_line' id='line_1_50' title="bbox 489 4023 1815 4095; baseline 0 -17"><span class='ocrx_word' id='word_1_341' title='bbox 489 4023 754 4094; x_wconf 79' lang='lat' dir='ltr'><strong>foeminae,</strong></span> <span class='ocrx_word' id='word_1_342' title='bbox 779 4034 832 4082; x_wconf 89' lang='lat' dir='ltr'><strong>et</strong></span> <span class='ocrx_word' id='word_1_343' title='bbox 871 4024 1077 4082; x_wconf 86' lang='lat' dir='ltr'><strong>rustici.</strong></span> <span class='ocrx_word' id='word_1_344' title='bbox 1109 4023 1188 4079; x_wconf 88' lang='lat' dir='ltr'><strong>De</strong></span> <span class='ocrx_word' id='word_1_345' title='bbox 1227 4023 1536 4080; x_wconf 87' lang='lat' dir='ltr'><strong>minoribus</strong></span> <span class='ocrx_word' id='word_1_346' title='bbox 1572 4024 1662 4095; x_wconf 85' lang='lat' dir='ltr'><strong>jus</strong></span> <span class='ocrx_word' id='word_1_347' title='bbox 1700 4041 1815 4080; x_wconf 90' lang='lat' dir='ltr'><strong>cer-</strong></span> 
     </span>
     <span class='ocr_line' id='line_1_51' title="bbox 488 4103 1815 4174; baseline 0.002 -18"><span class='ocrx_word' id='word_1_348' title='bbox 488 4107 606 4158; x_wconf 87' lang='lat' dir='ltr'><strong>tum</strong></span> <span class='ocrx_word' id='word_1_349' title='bbox 631 4112 738 4170; x_wconf 72' lang='lat' dir='ltr'><strong>oet,</strong></span> <span class='ocrx_word' id='word_1_350' title='bbox 766 4105 852 4162; x_wconf 91' lang='lat' dir='ltr'><strong>his</strong></span> <span class='ocrx_word' id='word_1_351' title='bbox 875 4111 1024 4160; x_wconf 87' lang='lat' dir='ltr'><strong>extra</strong></span> <span class='ocrx_word' id='word_1_352' title='bbox 1064 4103 1261 4159; x_wconf 86' lang='lat' dir='ltr'><strong>delicta</strong></span> <span class='ocrx_word' id='word_1_353' title='bbox 1296 4103 1384 4174; x_wconf 84' lang='lat' dir='ltr'><strong>jus</strong></span> <span class='ocrx_word' id='word_1_354' title='bbox 1418 4106 1673 4174; x_wconf 87' lang='lat' dir='ltr'><strong>ignorare</strong></span> <span class='ocrx_word' id='word_1_355' title='bbox 1696 4119 1815 4174; x_wconf 86' lang='lat' dir='ltr'><strong>per-</strong></span> 
     </span>
     <span class='ocr_line' id='line_1_52' title="bbox 491 4181 1813 4254; baseline 0 -18"><span class='ocrx_word' id='word_1_356' title='bbox 491 4181 718 4240; x_wconf 89' lang='lat' dir='ltr'><strong>missum</strong></span> <span class='ocrx_word' id='word_1_357' title='bbox 757 4201 897 4250; x_wconf 87' lang='lat' dir='ltr'><strong>esse,</strong></span> <span class='ocrx_word' id='word_1_358' title='bbox 937 4189 998 4241; x_wconf 88' lang='lat' dir='ltr'><strong>ut</strong></span> <span class='ocrx_word' id='word_1_359' title='bbox 1034 4181 1310 4254; x_wconf 88' lang='lat' dir='ltr'><strong>quidquid</strong></span> <span class='ocrx_word' id='word_1_360' title='bbox 1361 4184 1462 4238; x_wconf 90' lang='lat' dir='ltr'><strong>hoc</strong></span> <span class='ocrx_word' id='word_1_361' title='bbox 1511 4197 1691 4240; x_wconf 89' lang='lat' dir='ltr'><strong>errore</strong></span> <span class='ocrx_word' id='word_1_362' title='bbox 1730 4183 1813 4236; x_wconf 86' lang='lat' dir='ltr'><strong>vel</strong></span> 
     </span>
     <span class='ocr_line' id='line_1_53' title="bbox 491 4260 1821 4331; baseline 0.001 -17"><span class='ocrx_word' id='word_1_363' title='bbox 491 4260 802 4331; x_wconf 86' lang='lat' dir='ltr'><strong>omiserint,</strong></span> <span class='ocrx_word' id='word_1_364' title='bbox 829 4266 909 4319; x_wconf 85' lang='lat' dir='ltr'><strong>vel</strong></span> <span class='ocrx_word' id='word_1_365' title='bbox 939 4263 1220 4319; x_wconf 86' lang='lat' dir='ltr'><strong>amiserint</strong></span> <span class='ocrx_word' id='word_1_366' title='bbox 1233 4281 1252 4316; x_wconf 92' lang='grc'><strong>.·</strong></span> <span class='ocrx_word' id='word_1_367' title='bbox 1280 4262 1366 4318; x_wconf 86' lang='lat' dir='ltr'><strong>his</strong></span> <span class='ocrx_word' id='word_1_368' title='bbox 1389 4276 1542 4318; x_wconf 85' lang='lat' dir='ltr'><strong>error</strong></span> <span class='ocrx_word' id='word_1_369' title='bbox 1565 4279 1676 4318; x_wconf 87' lang='lat' dir='ltr'><strong>non</strong></span> <span class='ocrx_word' id='word_1_370' title='bbox 1702 4277 1821 4316; x_wconf 87' lang='lat' dir='ltr'><strong>ma-</strong></span> 
     </span>
     <span class='ocr_line' id='line_1_54' title="bbox 491 4338 1819 4415; baseline 0.004 -23"><span class='ocrx_word' id='word_1_371' title='bbox 491 4338 574 4408; x_wconf 86' lang='lat' dir='ltr'><strong>gis</strong></span> <span class='ocrx_word' id='word_1_372' title='bbox 598 4347 810 4407; x_wconf 86' lang='lat' dir='ltr'><strong>noceat,</strong></span> <span class='ocrx_word' id='word_1_373' title='bbox 835 4359 1002 4415; x_wconf 89' lang='lat' dir='ltr'><strong>quam</strong></span> <span class='ocrx_word' id='word_1_374' title='bbox 1045 4341 1314 4398; x_wconf 88' lang='lat' dir='ltr'><strong>nocuisset</strong></span> <span class='ocrx_word' id='word_1_375' title='bbox 1349 4343 1653 4414; x_wconf 84' lang='lat' dir='ltr'><strong>majoribus</strong></span> <span class='ocrx_word' id='word_1_376' title='bbox 1692 4339 1819 4397; x_wconf 79' lang='lat' dir='ltr'><strong>faeti</strong></span> 
     </span>
     <span class='ocr_line' id='line_1_55' title="bbox 487 4414 1817 4494; baseline 0.003 -25"><span class='ocrx_word' id='word_1_377' title='bbox 487 4414 630 4484; x_wconf 79' lang='lat' dir='ltr'><strong>justa</strong></span> <span class='ocrx_word' id='word_1_378' title='bbox 658 4420 982 4492; x_wconf 82' lang='lat' dir='ltr'><strong>ignorantia.</strong></span> <span class='ocrx_word' id='word_1_379' title='bbox 1013 4423 1069 4476; x_wconf 92' lang='lat' dir='ltr'><strong><em>L.</em></strong></span> <span class='ocrx_word' id='word_1_380' title='bbox 1093 4423 1304 4490; x_wconf 61' lang='lat' dir='ltr'><strong>regula,</strong></span> <span class='ocrx_word' id='word_1_381' title='bbox 1326 4424 1388 4477; x_wconf 78' lang='lat' dir='ltr'><strong>in</strong></span> <span class='ocrx_word' id='word_1_382' title='bbox 1404 4437 1496 4494; x_wconf 79' lang='lat' dir='ltr'><strong>pr.</strong></span> <span class='ocrx_word' id='word_1_383' title='bbox 1522 4423 1591 4478; x_wconf 91' lang='lat' dir='ltr'><strong><em>D.</em></strong></span> <span class='ocrx_word' id='word_1_384' title='bbox 1615 4423 1679 4476; x_wconf 80' lang='lat' dir='ltr'><strong>dc</strong></span> <span class='ocrx_word' id='word_1_385' title='bbox 1700 4423 1817 4489; x_wconf 80' lang='lat' dir='ltr'><strong>jur.</strong></span> 
     </span>
     <span class='ocr_line' id='line_1_56' title="bbox 493 4499 1817 4570; baseline 0.001 -17"><span class='ocrx_word' id='word_1_386' title='bbox 493 4499 544 4547; x_wconf 75' lang='lat' dir='ltr'><strong>ct</strong></span> <span class='ocrx_word' id='word_1_387' title='bbox 563 4499 689 4568; x_wconf 72' lang='lat' dir='ltr'><strong>fect.</strong></span> <span class='ocrx_word' id='word_1_388' title='bbox 713 4504 826 4570; x_wconf 72' lang='lat' dir='ltr'><strong>iqn.</strong></span> <span class='ocrx_word' id='word_1_389' title='bbox 853 4499 1101 4570; x_wconf 86' lang='lat' dir='ltr'><strong>Denique</strong></span> <span class='ocrx_word' id='word_1_390' title='bbox 1140 4502 1311 4558; x_wconf 77' lang='lat' dir='ltr'><strong>aetatis</strong></span> <span class='ocrx_word' id='word_1_391' title='bbox 1351 4500 1677 4558; x_wconf 83' lang='lat' dir='ltr'><strong>beneficium</strong></span> <span class='ocrx_word' id='word_1_392' title='bbox 1706 4504 1817 4562; x_wconf 86' lang='lat' dir='ltr'><strong>est,</strong></span> 
     </span>
     <span class='ocr_line' id='line_1_57' title="bbox 495 4573 1818 4651; baseline 0.008 -28"><span class='ocrx_word' id='word_1_393' title='bbox 495 4573 668 4632; x_wconf 78' lang='lat' dir='ltr'><strong>uthis</strong></span> <span class='ocrx_word' id='word_1_394' title='bbox 708 4593 818 4633; x_wconf 90' lang='lat' dir='ltr'><strong>non</strong></span> <span class='ocrx_word' id='word_1_395' title='bbox 859 4578 1304 4651; x_wconf 83' lang='lat' dir='ltr'><strong>delinquentibus</strong></span> <span class='ocrx_word' id='word_1_396' title='bbox 1343 4581 1402 4636; x_wconf 88' lang='lat' dir='ltr'><strong>in</strong></span> <span class='ocrx_word' id='word_1_397' title='bbox 1430 4579 1582 4636; x_wconf 87' lang='lat' dir='ltr'><strong>lucro</strong></span> <span class='ocrx_word' id='word_1_398' title='bbox 1621 4580 1818 4641; x_wconf 88' lang='lat' dir='ltr'><strong>etiam,</strong></span> 
     </span>
     <span class='ocr_line' id='line_1_58' title="bbox 496 4657 1821 4727; baseline 0.003 -20"><span class='ocrx_word' id='word_1_399' title='bbox 496 4665 650 4721; x_wconf 76' lang='lat' dir='ltr'><strong>aeque</strong></span> <span class='ocrx_word' id='word_1_400' title='bbox 668 4693 682 4712; x_wconf 83' lang='lat'><strong>.</strong></span> <span class='ocrx_word' id='word_1_401' title='bbox 706 4662 868 4727; x_wconf 86' lang='lat' dir='ltr'><strong>atque</strong></span> <span class='ocrx_word' id='word_1_402' title='bbox 893 4657 952 4714; x_wconf 91' lang='lat' dir='ltr'><strong>in</strong></span> <span class='ocrx_word' id='word_1_403' title='bbox 979 4659 1210 4722; x_wconf 87' lang='lat' dir='ltr'><strong>damno,</strong></span> <span class='ocrx_word' id='word_1_404' title='bbox 1235 4665 1594 4716; x_wconf 88' lang='lat' dir='ltr'><strong>succurratur.</strong></span> <span class='ocrx_word' id='word_1_405' title='bbox 1619 4659 1680 4714; x_wconf 90' lang='lat' dir='ltr'><strong><em>L.</em></strong></span> <span class='ocrx_word' id='word_1_406' title='bbox 1716 4659 1821 4718; x_wconf 76' lang='lat' dir='ltr'><strong>ait,</strong></span> 
     </span>
     <span class='ocr_line' id='line_1_59' title="bbox 498 4731 1819 4811; baseline 0.003 -23"><span class='ocrx_word' id='word_1_407' title='bbox 498 4731 557 4803; x_wconf 67' lang='lat' dir='ltr'><strong>S.</strong></span> <span class='ocrx_word' id='word_1_408' title='bbox 585 4733 737 4790; x_wconf 75' lang='lat' dir='ltr'><strong>hodic</strong></span> <span class='ocrx_word' id='word_1_409' title='bbox 757 4775 772 4800; x_wconf 95' lang='lat'><strong>,</strong></span> <span class='ocrx_word' id='word_1_410' title='bbox 795 4745 846 4792; x_wconf 88' lang='lat' dir='ltr'><strong>et</strong></span> <span class='ocrx_word' id='word_1_411' title='bbox 871 4736 972 4811; x_wconf 63' lang='grc'><strong>35.</strong></span> <span class='ocrx_word' id='word_1_412' title='bbox 991 4738 1400 4807; x_wconf 63' lang='lat' dir='ltr'><strong>procedent-‘bus</strong></span> <span class='ocrx_word' id='word_1_413' title='bbox 1413 4779 1427 4803; x_wconf 90' lang='lat'><strong><em>‚</em></strong></span> <span class='ocrx_word' id='word_1_414' title='bbox 1450 4737 1510 4792; x_wconf 90' lang='lat' dir='ltr'><strong><em>D.</em></strong></span> <span class='ocrx_word' id='word_1_415' title='bbox 1533 4739 1600 4794; x_wconf 77' lang='lat' dir='ltr'><strong>do</strong></span> <span class='ocrx_word' id='word_1_416' title='bbox 1625 4741 1819 4794; x_wconf 78' lang='lat' dir='ltr'><strong>minor.</strong></span> 
     </span>
    </p>
   </div>
   <div class='ocr_carea' id='block_1_2' title="bbox 1291 138 2386 209">
    <p class='ocr_par' dir='ltr' id='par_1_3' title="bbox 1291 138 2386 209">
     <span class='ocr_line' id='line_1_60' title="bbox 1291 138 2386 209; baseline 0 -2"><span class='ocrx_word' id='word_1_417' title='bbox 1291 146 1616 207; x_wconf 67' lang='lat' dir='ltr'><strong>mmoms</strong></span> <span class='ocrx_word' id='word_1_418' title='bbox 1655 138 1973 207; x_wconf 77' lang='lat' dir='ltr'><strong>DONEIJJ</strong></span> <span class='ocrx_word' id='word_1_419' title='bbox 2012 146 2386 209; x_wconf 75' lang='lat' dir='ltr'><strong><em>COMMEN&#39;I&#39;.</em></strong></span> 
     </span>
    </p>
   </div>
   <div class='ocr_carea' id='block_1_3' title="bbox 1881 143 3231 4797">
    <p class='ocr_par' dir='ltr' id='par_1_4' title="bbox 1881 143 3231 4797">
     <span class='ocr_line' id='line_1_61' title="bbox 3052 143 3143 215; baseline 0.022 -2"><span class='ocrx_word' id='word_1_420' title='bbox 3052 143 3143 215; x_wconf 73' lang='lat'><strong>{73</strong></span> 
     </span>
     <span class='ocr_line' id='line_1_62' title="bbox 1882 254 3153 333; baseline 0.006 -24"><span class='ocrx_word' id='word_1_421' title='bbox 1882 254 2160 311; x_wconf 82' lang='lat' dir='ltr'><strong>Militibus</strong></span> <span class='ocrx_word' id='word_1_422' title='bbox 2184 256 2229 313; x_wconf 90' lang='lat' dir='ltr'><strong>si</strong></span> <span class='ocrx_word' id='word_1_423' title='bbox 2260 254 2317 312; x_wconf 90' lang='lat' dir='ltr'><strong>in</strong></span> <span class='ocrx_word' id='word_1_424' title='bbox 2344 258 2496 313; x_wconf 86' lang='lat' dir='ltr'><strong>lucro</strong></span> <span class='ocrx_word' id='word_1_425' title='bbox 2522 256 2625 315; x_wconf 82' lang='lat' dir='ltr'><strong>bo&#39;c</strong></span> <span class='ocrx_word' id='word_1_426' title='bbox 2666 254 2941 323; x_wconf 83' lang='lat' dir='ltr'><strong>tribuitur,</strong></span> <span class='ocrx_word' id='word_1_427' title='bbox 2962 273 3022 315; x_wconf 83' lang='lat' dir='ltr'><strong>ne.</strong></span> <span class='ocrx_word' id='word_1_428' title='bbox 3036 258 3153 333; x_wconf 75' lang='lat' dir='ltr'><strong>juris</strong></span> 
     </span>
     <span class='ocr_line' id='line_1_63' title="bbox 1882 332 3154 404; baseline 0.007 -17"><span class='ocrx_word' id='word_1_429' title='bbox 1882 332 2189 404; x_wconf 81' lang='lat' dir='ltr'><strong>ignorantia</strong></span> <span class='ocrx_word' id='word_1_430' title='bbox 2231 334 2317 391; x_wconf 83' lang='lat' dir='ltr'><strong>his</strong></span> <span class='ocrx_word' id='word_1_431' title='bbox 2356 336 2525 402; x_wconf 86' lang='lat' dir='ltr'><strong>obsit,</strong></span> <span class='ocrx_word' id='word_1_432' title='bbox 2566 342 2626 392; x_wconf 93' lang='lat' dir='ltr'><strong>ut</strong></span> <span class='ocrx_word' id='word_1_433' title='bbox 2664 338 2920 394; x_wconf 85' lang='lat' dir='ltr'><strong>tribuitur</strong></span> <span class='ocrx_word' id='word_1_434' title='bbox 2952 336 3007 393; x_wconf 91' lang='lat' dir='ltr'><strong>in</strong></span> <span class='ocrx_word' id='word_1_435' title='bbox 3038 342 3154 396; x_wconf 64' lang='lat' dir='ltr'><strong><em>dd..</em></strong></span> 
     </span>
     <span class='ocr_line' id='line_1_64' title="bbox 1882 414 3155 490; baseline 0.008 -26"><span class='ocrx_word' id='word_1_436' title='bbox 1882 414 2075 482; x_wconf 71' lang='lat' dir='ltr'><strong>requla</strong></span> <span class='ocrx_word' id='word_1_437' title='bbox 2092 456 2105 477; x_wconf 96' lang='lat'><strong>,</strong></span> <span class='ocrx_word' id='word_1_438' title='bbox 2123 415 2181 486; x_wconf 66' lang='lat' dir='ltr'><strong>S.</strong></span> <span class='ocrx_word' id='word_1_439' title='bbox 2206 418 2257 469; x_wconf 76' lang='grc' dir='ltr'><strong>εἰ</strong></span> <span class='ocrx_word' id='word_1_440' title='bbox 2278 414 2553 488; x_wconf 75' lang='lat' dir='ltr'><strong>filiusfam.</strong></span> <span class='ocrx_word' id='word_1_441' title='bbox 2576 417 2641 472; x_wconf 80' lang='lat' dir='ltr'><strong>de</strong></span> <span class='ocrx_word' id='word_1_442' title='bbox 2659 420 2779 487; x_wconf 74' lang='lat' dir='ltr'><strong>jur.</strong></span> <span class='ocrx_word' id='word_1_443' title='bbox 2802 424 2852 472; x_wconf 76' lang='lat' dir='ltr'><strong>ct</strong></span> <span class='ocrx_word' id='word_1_444' title='bbox 2870 418 2983 490; x_wconf 71' lang='lat' dir='ltr'><strong>fact.</strong></span> <span class='ocrx_word' id='word_1_445' title='bbox 3012 420 3155 487; x_wconf 59' lang='lat' dir='ltr'><strong>synar.</strong></span> 
     </span>
     <span class='ocr_line' id='line_1_65' title="bbox 1882 492 3157 564; baseline 0.006 -19"><span class='ocrx_word' id='word_1_446' title='bbox 1882 492 2055 546; x_wconf 89' lang='lat' dir='ltr'><strong>multo</strong></span> <span class='ocrx_word' id='word_1_447' title='bbox 2080 492 2257 564; x_wconf 83' lang='lat' dir='ltr'><strong>magis</strong></span> <span class='ocrx_word' id='word_1_448' title='bbox 2284 492 2339 549; x_wconf 89' lang='lat' dir='ltr'><strong>in</strong></span> <span class='ocrx_word' id='word_1_449' title='bbox 2368 492 2614 550; x_wconf 85' lang='lat' dir='ltr'><strong>indebito</strong></span> <span class='ocrx_word' id='word_1_450' title='bbox 2637 496 2828 558; x_wconf 86' lang='lat' dir='ltr'><strong>soluto,</strong></span> <span class='ocrx_word' id='word_1_451' title='bbox 2853 500 2902 549; x_wconf 88' lang='lat' dir='ltr'><strong>et</strong></span> <span class='ocrx_word' id='word_1_452' title='bbox 2923 494 3157 553; x_wconf 74' lang='lat' dir='ltr'><strong>similibus</strong></span> 
     </span>
     <span class='ocr_line' id='line_1_66' title="bbox 1881 570 3159 643; baseline 0.005 -20"><span class='ocrx_word' id='word_1_453' title='bbox 1881 570 2099 626; x_wconf 87' lang='lat' dir='ltr'><strong>damnis</strong></span> <span class='ocrx_word' id='word_1_454' title='bbox 2125 572 2312 628; x_wconf 87' lang='lat' dir='ltr'><strong>datum</strong></span> <span class='ocrx_word' id='word_1_455' title='bbox 2354 572 2771 643; x_wconf 70' lang='lat' dir='ltr'><strong>intelligendum</strong></span> <span class='ocrx_word' id='word_1_456' title='bbox 2812 578 2903 629; x_wconf 70' lang='lat' dir='ltr'><strong>est.</strong></span> <span class='ocrx_word' id='word_1_457' title='bbox 2924 573 3087 643; x_wconf 84' lang='lat' dir='ltr'><strong>ltaque</strong></span> <span class='ocrx_word' id='word_1_458' title='bbox 3116 580 3159 629; x_wconf 87' lang='lat' dir='ltr'><strong>et</strong></span> 
     </span>
     <span class='ocr_line' id='line_1_67' title="bbox 1881 645 3161 723; baseline 0.003 -21"><span class='ocrx_word' id='word_1_459' title='bbox 1881 645 1931 702; x_wconf 90' lang='lat' dir='ltr'><strong>ei</strong></span> <span class='ocrx_word' id='word_1_460' title='bbox 1959 647 2155 713; x_wconf 80' lang='lat' dir='ltr'><strong>militi,</strong></span> <span class='ocrx_word' id='word_1_461' title='bbox 2179 650 2275 723; x_wconf 86' lang='lat' dir='ltr'><strong>qui</strong></span> <span class='ocrx_word' id='word_1_462' title='bbox 2304 648 2595 719; x_wconf 85' lang='lat' dir='ltr'><strong>injudicio</strong></span> <span class='ocrx_word' id='word_1_463' title='bbox 2622 651 2925 723; x_wconf 83' lang='lat' dir='ltr'><strong>ignorantia</strong></span> <span class='ocrx_word' id='word_1_464' title='bbox 2946 651 3069 723; x_wconf 78' lang='lat' dir='ltr'><strong>juris</strong></span> <span class='ocrx_word' id='word_1_465' title='bbox 3098 653 3161 706; x_wconf 79' lang='lat' dir='ltr'><strong>al-</strong></span> 
     </span>
     <span class='ocr_line' id='line_1_68' title="bbox 1885 726 3163 803; baseline 0.006 -24"><span class='ocrx_word' id='word_1_466' title='bbox 1885 726 2175 797; x_wconf 77' lang='lat' dir='ltr'><strong>legationes</strong></span> <span class='ocrx_word' id='word_1_467' title='bbox 2186 728 2291 785; x_wconf 87' lang='lat' dir='ltr'><strong>sibi</strong></span> <span class='ocrx_word' id='word_1_468' title='bbox 2306 735 2663 800; x_wconf 77' lang='lat' dir='ltr'><strong>competentes</strong></span> <span class='ocrx_word' id='word_1_469' title='bbox 2678 731 3039 803; x_wconf 86' lang='lat' dir='ltr'><strong>omisit,e0que</strong></span> <span class='ocrx_word' id='word_1_470' title='bbox 3052 729 3163 787; x_wconf 82' lang='lat' dir='ltr'><strong>facto</strong></span> 
     </span>
     <span class='ocr_line' id='line_1_69' title="bbox 1884 807 3163 879; baseline 0.003 -21"><span class='ocrx_word' id='word_1_471' title='bbox 1884 820 1979 875; x_wconf 87' lang='lat' dir='ltr'><strong>per</strong></span> <span class='ocrx_word' id='word_1_472' title='bbox 2002 808 2322 863; x_wconf 86' lang='lat' dir='ltr'><strong>sententiam</strong></span> <span class='ocrx_word' id='word_1_473' title='bbox 2336 808 2434 879; x_wconf 83' lang='lat' dir='ltr'><strong>jud</strong></span> <span class='ocrx_word' id='word_1_474' title='bbox 2442 807 2537 864; x_wconf 88' lang='lat' dir='ltr'><strong>icis</strong></span> <span class='ocrx_word' id='word_1_475' title='bbox 2548 808 2570 879; x_wconf 84' lang='lat' dir='ltr'>j</span> <span class='ocrx_word' id='word_1_476' title='bbox 2578 826 2673 865; x_wconf 86' lang='lat' dir='ltr'><strong>ure</strong></span> <span class='ocrx_word' id='word_1_477' title='bbox 2696 808 2973 866; x_wconf 83' lang='lat' dir='ltr'><strong>communi</strong></span> <span class='ocrx_word' id='word_1_478' title='bbox 2988 809 3163 875; x_wconf 85' lang='lat' dir='ltr'><strong>amisit,</strong></span> 
     </span>
     <span class='ocr_line' id='line_1_70' title="bbox 1884 884 3167 960; baseline 0.002 -22"><span class='ocrx_word' id='word_1_479' title='bbox 1884 884 2215 954; x_wconf 86' lang='lat' dir='ltr'><strong>permittitur</strong></span> <span class='ocrx_word' id='word_1_480' title='bbox 2226 886 2717 952; x_wconf 81' lang='lat' dir='ltr'><strong>constitutionibus,</strong></span> <span class='ocrx_word' id='word_1_481' title='bbox 2728 889 2773 945; x_wconf 89' lang='lat' dir='ltr'><strong>si</strong></span> <span class='ocrx_word' id='word_1_482' title='bbox 2784 885 3058 960; x_wconf 83' lang='lat' dir='ltr'><strong>coeperitex</strong></span> <span class='ocrx_word' id='word_1_483' title='bbox 3070 903 3167 942; x_wconf 75' lang='lat' dir='ltr'><strong>sen·</strong></span> 
     </span>
     <span class='ocr_line' id='line_1_71' title="bbox 1884 961 3169 1029; baseline 0.002 -13"><span class='ocrx_word' id='word_1_484' title='bbox 1884 961 2051 1017; x_wconf 89' lang='lat' dir='ltr'><strong>tentia</strong></span> <span class='ocrx_word' id='word_1_485' title='bbox 2078 961 2356 1020; x_wconf 82' lang='lat' dir='ltr'><strong>conveniri</strong></span> <span class='ocrx_word' id='word_1_486' title='bbox 2371 1006 2386 1025; x_wconf 86' lang='lat'><strong>.</strong></span> <span class='ocrx_word' id='word_1_487' title='bbox 2400 964 2809 1023; x_wconf 79' lang='lat' dir='ltr'><strong>defensionibus</strong></span> <span class='ocrx_word' id='word_1_488' title='bbox 2824 964 2933 1024; x_wconf 86' lang='lat' dir='ltr'><strong>suis</strong></span> <span class='ocrx_word' id='word_1_489' title='bbox 2949 966 3045 1029; x_wconf 91' lang='lat' dir='ltr'><strong>uti,</strong></span> <span class='ocrx_word' id='word_1_490' title='bbox 3064 966 3113 1021; x_wconf 83' lang='lat' dir='ltr'><strong>L.</strong></span> <span class='ocrx_word' id='word_1_491' title='bbox 3130 967 3169 1021; x_wconf 89' lang='grc'><strong>1.</strong></span> 
     </span>
     <span class='ocr_line' id='line_1_72' title="bbox 1886 1040 3167 1115; baseline 0.002 -19"><span class='ocrx_word' id='word_1_492' title='bbox 1886 1041 1945 1097; x_wconf 84' lang='lat' dir='ltr'><strong>C.</strong></span> <span class='ocrx_word' id='word_1_493' title='bbox 1970 1040 2080 1096; x_wconf 76' lang='lat' dir='ltr'><strong>eod.</strong></span> <span class='ocrx_word' id='word_1_494' title='bbox 2121 1056 2314 1115; x_wconf 85' lang='lat' dir='ltr'><strong>nempe</strong></span> <span class='ocrx_word' id='word_1_495' title='bbox 2353 1060 2422 1100; x_wconf 91' lang='lat' dir='ltr'><strong>ne</strong></span> <span class='ocrx_word' id='word_1_496' title='bbox 2462 1044 2511 1101; x_wconf 90' lang='lat' dir='ltr'><strong>ei</strong></span> <span class='ocrx_word' id='word_1_497' title='bbox 2552 1046 2614 1101; x_wconf 88' lang='lat' dir='ltr'><strong>in</strong></span> <span class='ocrx_word' id='word_1_498' title='bbox 2654 1046 2857 1102; x_wconf 90' lang='lat' dir='ltr'><strong>damno</strong></span> <span class='ocrx_word' id='word_1_499' title='bbox 2890 1044 3167 1101; x_wconf 83' lang='lat' dir='ltr'><strong>amissarum</strong></span> 
     </span>
     <span class='ocr_line' id='line_1_73' title="bbox 1890 1119 3171 1196; baseline 0.002 -23"><span class='ocrx_word' id='word_1_500' title='bbox 1890 1134 2102 1175; x_wconf 88' lang='lat' dir='ltr'><strong>summo</strong></span> <span class='ocrx_word' id='word_1_501' title='bbox 2123 1119 2246 1191; x_wconf 86' lang='lat' dir='ltr'><strong>jure</strong></span> <span class='ocrx_word' id='word_1_502' title='bbox 2271 1121 2647 1180; x_wconf 75' lang='lat' dir='ltr'><strong>defensionum</strong></span> <span class='ocrx_word' id='word_1_503' title='bbox 2671 1124 2811 1196; x_wconf 86' lang='lat' dir='ltr'><strong>juris</strong></span> <span class='ocrx_word' id='word_1_504' title='bbox 2836 1140 2982 1179; x_wconf 90' lang='lat' dir='ltr'><strong>error</strong></span> <span class='ocrx_word' id='word_1_505' title='bbox 3002 1126 3171 1178; x_wconf 80' lang='lat' dir='ltr'><strong>noceat.</strong></span> 
     </span>
     <span class='ocr_line' id='line_1_74' title="bbox 1890 1198 3177 1273; baseline 0 -20"><span class='ocrx_word' id='word_1_506' title='bbox 1890 1198 1959 1253; x_wconf 88' lang='lat' dir='ltr'><strong>Et</strong></span> <span class='ocrx_word' id='word_1_507' title='bbox 1984 1198 2172 1253; x_wconf 86' lang='lat' dir='ltr'><strong>addita</strong></span> <span class='ocrx_word' id='word_1_508' title='bbox 2198 1204 2275 1255; x_wconf 68' lang='lat' dir='ltr'><strong>est</strong></span> <span class='ocrx_word' id='word_1_509' title='bbox 2300 1199 2461 1256; x_wconf 86' lang='lat' dir='ltr'><strong>ratio:</strong></span> <span class='ocrx_word' id='word_1_510' title='bbox 2482 1202 2707 1272; x_wconf 79' lang='lat' dir='ltr'><strong>Propter</strong></span> <span class='ocrx_word' id='word_1_511' title='bbox 2717 1204 3082 1273; x_wconf 73' lang='lat' dir='ltr'><strong>simplicitatem</strong></span> <span class='ocrx_word' id='word_1_512' title='bbox 3102 1216 3177 1253; x_wconf 79' lang='lat' dir='ltr'><strong>er-</strong></span> 
     </span>
     <span class='ocr_line' id='line_1_75' title="bbox 1890 1277 3175 1351; baseline 0.002 -20"><span class='ocrx_word' id='word_1_513' title='bbox 1890 1284 2047 1331; x_wconf 76' lang='lat' dir='ltr'><strong>matoe</strong></span> <span class='ocrx_word' id='word_1_514' title='bbox 2070 1278 2291 1333; x_wconf 64' lang='lat' dir='ltr'><strong>milium.</strong></span> <span class='ocrx_word' id='word_1_515' title='bbox 2308 1279 2411 1335; x_wconf 90' lang='lat' dir='ltr'><strong>Sed</strong></span> <span class='ocrx_word' id='word_1_516' title='bbox 2440 1285 2491 1334; x_wconf 81' lang='lat' dir='ltr'><strong>et</strong></span> <span class='ocrx_word' id='word_1_517' title='bbox 2516 1280 2575 1336; x_wconf 88' lang='lat' dir='ltr'><strong>in</strong></span> <span class='ocrx_word' id='word_1_518' title='bbox 2602 1278 2877 1337; x_wconf 88' lang='lat' dir='ltr'><strong>militibus</strong></span> <span class='ocrx_word' id='word_1_519' title='bbox 2899 1278 3027 1351; x_wconf 78' lang='lat' dir='ltr'><strong>juris</strong></span> <span class='ocrx_word' id='word_1_520' title='bbox 3048 1277 3175 1349; x_wconf 80' lang='lat' dir='ltr'><strong>igno-</strong></span> 
     </span>
     <span class='ocr_line' id='line_1_76' title="bbox 1890 1354 3177 1425; baseline 0.002 -17"><span class='ocrx_word' id='word_1_521' title='bbox 1890 1354 2065 1409; x_wconf 88' lang='lat' dir='ltr'><strong>rantia</strong></span> <span class='ocrx_word' id='word_1_522' title='bbox 2092 1356 2416 1425; x_wconf 76' lang='lat' dir='ltr'><strong>generaliter</strong></span> <span class='ocrx_word' id='word_1_523' title='bbox 2438 1364 2722 1417; x_wconf 87' lang='lat' dir='ltr'><strong>excusatur</strong></span> <span class='ocrx_word' id='word_1_524' title='bbox 2749 1358 2808 1414; x_wconf 91' lang='lat' dir='ltr'><strong>in</strong></span> <span class='ocrx_word' id='word_1_525' title='bbox 2836 1358 2899 1417; x_wconf 87' lang='lat' dir='ltr'><strong>L.</strong></span> <span class='ocrx_word' id='word_1_526' title='bbox 2926 1360 3018 1414; x_wconf 76' lang='lat' dir='ltr'><strong>ult.</strong></span> <span class='ocrx_word' id='word_1_527' title='bbox 3038 1360 3090 1411; x_wconf 75' lang='lat' dir='ltr'><strong>in</strong></span> <span class='ocrx_word' id='word_1_528' title='bbox 3104 1372 3177 1425; x_wconf 75' lang='lat' dir='ltr'><strong>pr.</strong></span> 
     </span>
     <span class='ocr_line' id='line_1_77' title="bbox 1892 1432 3175 1509; baseline 0.001 -22"><span class='ocrx_word' id='word_1_529' title='bbox 1892 1432 1949 1487; x_wconf 73' lang='grc' dir='ltr'><strong>Γ.</strong></span> <span class='ocrx_word' id='word_1_530' title='bbox 1973 1435 2036 1489; x_wconf 81' lang='lat' dir='ltr'><strong>de</strong></span> <span class='ocrx_word' id='word_1_531' title='bbox 2055 1437 2170 1503; x_wconf 77' lang='lat' dir='ltr'><strong>jur.</strong></span> <span class='ocrx_word' id='word_1_532' title='bbox 2196 1436 2301 1492; x_wconf 75' lang='lat' dir='ltr'><strong>del.</strong></span> <span class='ocrx_word' id='word_1_533' title='bbox 2326 1436 2428 1491; x_wconf 85' lang='lat' dir='ltr'><strong>hoe</strong></span> <span class='ocrx_word' id='word_1_534' title='bbox 2468 1444 2813 1507; x_wconf 83' lang='lat' dir='ltr'><strong>argumento,</strong></span> <span class='ocrx_word' id='word_1_535' title='bbox 2837 1438 2983 1509; x_wconf 89' lang='lat' dir='ltr'><strong>quod</strong></span> <span class='ocrx_word' id='word_1_536' title='bbox 3019 1450 3175 1491; x_wconf 84' lang='lat' dir='ltr'><strong>eorum</strong></span> 
     </span>
     <span class='ocr_line' id='line_1_78' title="bbox 1890 1511 3179 1583; baseline -0.001 -16"><span class='ocrx_word' id='word_1_537' title='bbox 1890 1511 2205 1582; x_wconf 76' lang='lat' dir='ltr'><strong>professioni</strong></span> <span class='ocrx_word' id='word_1_538' title='bbox 2248 1516 2573 1571; x_wconf 82' lang='lat' dir='ltr'><strong>conveniens</strong></span> <span class='ocrx_word' id='word_1_539' title='bbox 2596 1516 2667 1573; x_wconf 90' lang='lat' dir='ltr'><strong>sit</strong></span> <span class='ocrx_word' id='word_1_540' title='bbox 2704 1514 3027 1583; x_wconf 76' lang='lat' dir='ltr'><strong>existimari,</strong></span> <span class='ocrx_word' id='word_1_541' title='bbox 3050 1528 3179 1567; x_wconf 84' lang='lat' dir='ltr'><strong>arma</strong></span> 
     </span>
     <span class='ocr_line' id='line_1_79' title="bbox 1892 1589 3181 1665; baseline -0.001 -20"><span class='ocrx_word' id='word_1_542' title='bbox 1892 1604 1979 1645; x_wconf 89' lang='lat' dir='ltr'><strong>eos</strong></span> <span class='ocrx_word' id='word_1_543' title='bbox 2007 1589 2207 1660; x_wconf 87' lang='lat' dir='ltr'><strong>magis,</strong></span> <span class='ocrx_word' id='word_1_544' title='bbox 2232 1606 2401 1663; x_wconf 87' lang='lat' dir='ltr'><strong>quam</strong></span> <span class='ocrx_word' id='word_1_545' title='bbox 2422 1594 2546 1665; x_wconf 84' lang='lat' dir='ltr'><strong>jura</strong></span> <span class='ocrx_word' id='word_1_546' title='bbox 2570 1594 2722 1651; x_wconf 84' lang='lat' dir='ltr'><strong>seire.</strong></span> <span class='ocrx_word' id='word_1_547' title='bbox 2746 1595 2825 1649; x_wconf 88' lang='lat' dir='ltr'><strong>De</strong></span> <span class='ocrx_word' id='word_1_548' title='bbox 2866 1592 3090 1651; x_wconf 81' lang='lat' dir='ltr'><strong>foeminis</strong></span> <span class='ocrx_word' id='word_1_549' title='bbox 3118 1590 3181 1645; x_wconf 79' lang='lat' dir='ltr'><strong>ita</strong></span> 
     </span>
     <span class='ocr_line' id='line_1_80' title="bbox 1894 1667 3183 1743; baseline 0.002 -21"><span class='ocrx_word' id='word_1_550' title='bbox 1894 1668 2082 1723; x_wconf 85' lang='lat' dir='ltr'><strong>scribit</strong></span> <span class='ocrx_word' id='word_1_551' title='bbox 2123 1668 2324 1725; x_wconf 87' lang='lat' dir='ltr'><strong>Paulus</strong></span> <span class='ocrx_word' id='word_1_552' title='bbox 2351 1671 2410 1725; x_wconf 90' lang='lat' dir='ltr'><strong>in</strong></span> <span class='ocrx_word' id='word_1_553' title='bbox 2434 1673 2487 1727; x_wconf 79' lang='lat' dir='ltr'><strong><em>d.</em></strong></span> <span class='ocrx_word' id='word_1_554' title='bbox 2514 1674 2818 1743; x_wconf 61' lang='lat' dir='ltr'><strong>Lupum,</strong></span> <span class='ocrx_word' id='word_1_555' title='bbox 2840 1676 2902 1729; x_wconf 76' lang='lat' dir='ltr'><strong>in</strong></span> <span class='ocrx_word' id='word_1_556' title='bbox 2922 1688 3003 1743; x_wconf 78' lang='lat' dir='ltr'><strong>pr.</strong></span> <span class='ocrx_word' id='word_1_557' title='bbox 3026 1676 3073 1727; x_wconf 87' lang='lat' dir='ltr'><strong>et</strong></span> <span class='ocrx_word' id='word_1_558' title='bbox 3106 1667 3183 1723; x_wconf 70' lang='lat' dir='ltr'><strong>fm-</strong></span> 
     </span>
     <span class='ocr_line' id='line_1_81' title="bbox 1894 1745 3183 1823; baseline 0.004 -23"><span class='ocrx_word' id='word_1_559' title='bbox 1894 1745 2063 1801; x_wconf 88' lang='lat' dir='ltr'><strong>minis</strong></span> <span class='ocrx_word' id='word_1_560' title='bbox 2083 1747 2171 1818; x_wconf 81' lang='lat' dir='ltr'><strong>jus</strong></span> <span class='ocrx_word' id='word_1_561' title='bbox 2188 1746 2434 1817; x_wconf 82' lang='lat' dir='ltr'><strong>ignorare</strong></span> <span class='ocrx_word' id='word_1_562' title='bbox 2458 1751 2778 1822; x_wconf 86' lang='lat' dir='ltr'><strong>permissum</strong></span> <span class='ocrx_word' id='word_1_563' title='bbox 2798 1752 2858 1807; x_wconf 90' lang='lat' dir='ltr'><strong>in</strong></span> <span class='ocrx_word' id='word_1_564' title='bbox 2882 1748 3183 1823; x_wconf 75' lang='lat' dir='ltr'><strong>quibusdam</strong></span> 
     </span>
     <span class='ocr_line' id='line_1_82' title="bbox 1892 1824 3185 1897; baseline 0.011 -20"><span class='ocrx_word' id='word_1_565' title='bbox 1892 1824 2095 1881; x_wconf 84' lang='lat' dir='ltr'><strong>caussis</strong></span> <span class='ocrx_word' id='word_1_566' title='bbox 2130 1830 2346 1897; x_wconf 89' lang='lat' dir='ltr'><strong>propter</strong></span> <span class='ocrx_word' id='word_1_567' title='bbox 2370 1844 2524 1884; x_wconf 76' lang='lat' dir='ltr'><strong>sexus</strong></span> <span class='ocrx_word' id='word_1_568' title='bbox 2550 1828 2995 1887; x_wconf 84' lang='lat' dir='ltr'><strong>imbecillitatem.</strong></span> <span class='ocrx_word' id='word_1_569' title='bbox 3030 1826 3185 1891; x_wconf 70' lang='lat' dir='ltr'><strong>Dixit,</strong></span> 
     </span>
     <span class='ocr_line' id='line_1_83' title="bbox 1889 1903 3185 1979; baseline 0.003 -24"><span class='ocrx_word' id='word_1_570' title='bbox 1889 1903 1947 1955; x_wconf 75' lang='lat' dir='ltr'><strong>in</strong></span> <span class='ocrx_word' id='word_1_571' title='bbox 1972 1904 2286 1973; x_wconf 73' lang='lat' dir='ltr'><strong>quibusdam</strong></span> <span class='ocrx_word' id='word_1_572' title='bbox 2322 1910 2537 1963; x_wconf 73' lang='lat' dir='ltr'><strong>caussis.</strong></span> <span class='ocrx_word' id='word_1_573' title='bbox 2574 1908 2641 1965; x_wconf 89' lang='lat' dir='ltr'><strong>In</strong></span> <span class='ocrx_word' id='word_1_574' title='bbox 2680 1908 2887 1979; x_wconf 85' lang='lat' dir='ltr'><strong>quibus</strong></span> <span class='ocrx_word' id='word_1_575' title='bbox 2921 1904 3109 1978; x_wconf 69' lang='lat' dir='ltr'><strong>igitur?</strong></span> <span class='ocrx_word' id='word_1_576' title='bbox 3130 1904 3185 1959; x_wconf 81' lang='lat' dir='ltr'><strong>ln</strong></span> 
     </span>
     <span class='ocr_line' id='line_1_84' title="bbox 1894 1980 3189 2053; baseline 0.004 -18"><span class='ocrx_word' id='word_1_577' title='bbox 1894 1980 2133 2043; x_wconf 82' lang='lat' dir='ltr'><strong>delictis,</strong></span> <span class='ocrx_word' id='word_1_578' title='bbox 2157 1980 2361 2053; x_wconf 86' lang='lat' dir='ltr'><strong>quibus</strong></span> <span class='ocrx_word' id='word_1_579' title='bbox 2386 1984 2445 2040; x_wconf 90' lang='lat' dir='ltr'><strong>in</strong></span> <span class='ocrx_word' id='word_1_580' title='bbox 2480 1987 2679 2044; x_wconf 87' lang='lat' dir='ltr'><strong>caussis</strong></span> <span class='ocrx_word' id='word_1_581' title='bbox 2704 1996 2755 2041; x_wconf 88' lang='lat' dir='ltr'><strong>et</strong></span> <span class='ocrx_word' id='word_1_582' title='bbox 2781 1984 3083 2043; x_wconf 77' lang='lat' dir='ltr'><strong>minoribm</strong></span> <span class='ocrx_word' id='word_1_583' title='bbox 3112 1997 3189 2037; x_wconf 78' lang='lat' dir='ltr'><strong>ve-</strong></span> 
     </span>
     <span class='ocr_line' id='line_1_85' title="bbox 1893 2058 3187 2139; baseline 0.003 -26"><span class='ocrx_word' id='word_1_584' title='bbox 1893 2058 1987 2113; x_wconf 88' lang='lat' dir='ltr'><strong>nia</strong></span> <span class='ocrx_word' id='word_1_585' title='bbox 2026 2060 2215 2124; x_wconf 79' lang='lat' dir='ltr'><strong>datur,</strong></span> <span class='ocrx_word' id='word_1_586' title='bbox 2258 2076 2370 2116; x_wconf 88' lang='lat' dir='ltr'><strong>non</strong></span> <span class='ocrx_word' id='word_1_587' title='bbox 2422 2064 2493 2119; x_wconf 86' lang='lat' dir='ltr'><strong>ad</strong></span> <span class='ocrx_word' id='word_1_588' title='bbox 2542 2065 2967 2139; x_wconf 85' lang='lat' dir='ltr'><strong>acquirendum.</strong></span> <span class='ocrx_word' id='word_1_589' title='bbox 3002 2070 3088 2119; x_wconf 87' lang='lat' dir='ltr'><strong>ant</strong></span> <span class='ocrx_word' id='word_1_590' title='bbox 3128 2062 3187 2117; x_wconf 83' lang='lat' dir='ltr'><strong>ad</strong></span> 
     </span>
     <span class='ocr_line' id='line_1_86' title="bbox 1890 2136 3193 2215; baseline 0.001 -23"><span class='ocrx_word' id='word_1_591' title='bbox 1890 2136 2149 2194; x_wconf 83' lang='lat' dir='ltr'><strong>amissum</strong></span> <span class='ocrx_word' id='word_1_592' title='bbox 2190 2144 2563 2211; x_wconf 86' lang='lat' dir='ltr'><strong>repetendum:</strong></span> <span class='ocrx_word' id='word_1_593' title='bbox 2588 2146 2677 2199; x_wconf 89' lang='lat' dir='ltr'><strong>sed</strong></span> <span class='ocrx_word' id='word_1_594' title='bbox 2722 2160 2792 2201; x_wconf 87' lang='lat' dir='ltr'><strong>ne</strong></span> <span class='ocrx_word' id='word_1_595' title='bbox 2829 2148 3042 2215; x_wconf 89' lang='lat' dir='ltr'><strong>propter</strong></span> <span class='ocrx_word' id='word_1_596' title='bbox 3074 2139 3193 2195; x_wconf 83' lang='lat' dir='ltr'><strong>deli-</strong></span> 
     </span>
     <span class='ocr_line' id='line_1_87' title="bbox 1886 2218 3187 2293; baseline 0.001 -23"><span class='ocrx_word' id='word_1_597' title='bbox 1886 2220 2035 2272; x_wconf 88' lang='lat' dir='ltr'><strong>ctum</strong></span> <span class='ocrx_word' id='word_1_598' title='bbox 2062 2233 2177 2273; x_wconf 88' lang='lat' dir='ltr'><strong>rem</strong></span> <span class='ocrx_word' id='word_1_599' title='bbox 2204 2234 2358 2274; x_wconf 89' lang='lat' dir='ltr'><strong>suam</strong></span> <span class='ocrx_word' id='word_1_600' title='bbox 2386 2220 2614 2287; x_wconf 90' lang='lat' dir='ltr'><strong>amittat,</strong></span> <span class='ocrx_word' id='word_1_601' title='bbox 2626 2223 2697 2279; x_wconf 91' lang='lat' dir='ltr'><strong>de</strong></span> <span class='ocrx_word' id='word_1_602' title='bbox 2720 2238 2829 2293; x_wconf 90' lang='lat' dir='ltr'><strong>quo</strong></span> <span class='ocrx_word' id='word_1_603' title='bbox 2856 2228 3049 2293; x_wconf 85' lang='lat' dir='ltr'><strong>postea.</strong></span> <span class='ocrx_word' id='word_1_604' title='bbox 3066 2218 3187 2274; x_wconf 76' lang='lat' dir='ltr'><strong>Nam</strong></span> 
     </span>
     <span class='ocr_line' id='line_1_88' title="bbox 1894 2292 3197 2373; baseline 0.003 -26"><span class='ocrx_word' id='word_1_605' title='bbox 1894 2292 1951 2350; x_wconf 89' lang='lat' dir='ltr'><strong>id</strong></span> <span class='ocrx_word' id='word_1_606' title='bbox 1979 2296 2047 2350; x_wconf 85' lang='lat' dir='ltr'><strong>ad</strong></span> <span class='ocrx_word' id='word_1_607' title='bbox 2074 2295 2293 2352; x_wconf 84' lang='lat' dir='ltr'><strong>tertium</strong></span> <span class='ocrx_word' id='word_1_608' title='bbox 2320 2312 2487 2367; x_wconf 84' lang='lat' dir='ltr'><strong>genus</strong></span> <span class='ocrx_word' id='word_1_609' title='bbox 2502 2318 2534 2356; x_wconf 95' lang='lat' dir='ltr'><strong>a</strong></span> <span class='ocrx_word' id='word_1_610' title='bbox 2554 2300 2715 2357; x_wconf 90' lang='lat' dir='ltr'><strong>nobis</strong></span> <span class='ocrx_word' id='word_1_611' title='bbox 2738 2298 3067 2373; x_wconf 82' lang='lat' dir='ltr'><strong>propositum</strong></span> <span class='ocrx_word' id='word_1_612' title='bbox 3091 2312 3197 2368; x_wconf 82' lang='lat' dir='ltr'><strong>per-</strong></span> 
     </span>
     <span class='ocr_line' id='line_1_89' title="bbox 1891 2372 3197 2451; baseline 0.001 -25"><span class='ocrx_word' id='word_1_613' title='bbox 1891 2372 2042 2429; x_wconf 84' lang='lat' dir='ltr'><strong>tinet.</strong></span> <span class='ocrx_word' id='word_1_614' title='bbox 2081 2374 2243 2429; x_wconf 70' lang='lat' dir='ltr'><strong>Extra</strong></span> <span class='ocrx_word' id='word_1_615' title='bbox 2285 2376 2481 2435; x_wconf 86' lang='lat' dir='ltr'><strong>delicta</strong></span> <span class='ocrx_word' id='word_1_616' title='bbox 2519 2384 2698 2436; x_wconf 86' lang='lat' dir='ltr'><strong>autem</strong></span> <span class='ocrx_word' id='word_1_617' title='bbox 2737 2380 2956 2451; x_wconf 80' lang='lat' dir='ltr'><strong>prodest</strong></span> <span class='ocrx_word' id='word_1_618' title='bbox 2980 2374 3197 2432; x_wconf 82' lang='lat' dir='ltr'><strong>foeminis</strong></span> 
     </span>
     <span class='ocr_line' id='line_1_90' title="bbox 1890 2451 3193 2533; baseline 0.003 -26"><span class='ocrx_word' id='word_1_619' title='bbox 1890 2451 2031 2523; x_wconf 82' lang='lat' dir='ltr'><strong>juris</strong></span> <span class='ocrx_word' id='word_1_620' title='bbox 2060 2453 2359 2523; x_wconf 76' lang='lat' dir='ltr'><strong>ignorantia</strong></span> <span class='ocrx_word' id='word_1_621' title='bbox 2386 2463 2575 2527; x_wconf 78' lang='lat' dir='ltr'><strong>praeter</strong></span> <span class='ocrx_word' id='word_1_622' title='bbox 2601 2460 2845 2529; x_wconf 88' lang='lat' dir='ltr'><strong>regulam</strong></span> <span class='ocrx_word' id='word_1_623' title='bbox 2871 2466 3193 2533; x_wconf 69' lang='lat' dir='ltr'><strong>communem</strong></span> 
     </span>
     <span class='ocr_line' id='line_1_91' title="bbox 1894 2528 3203 2603; baseline 0.002 -18"><span class='ocrx_word' id='word_1_624' title='bbox 1894 2528 1953 2585; x_wconf 90' lang='lat' dir='ltr'><strong>in</strong></span> <span class='ocrx_word' id='word_1_625' title='bbox 1982 2531 2198 2587; x_wconf 86' lang='lat' dir='ltr'><strong>damnis</strong></span> <span class='ocrx_word' id='word_1_626' title='bbox 2238 2538 2478 2602; x_wconf 81' lang='lat' dir='ltr'><strong>tanturn,</strong></span> <span class='ocrx_word' id='word_1_627' title='bbox 2515 2552 2625 2593; x_wconf 89' lang='lat' dir='ltr'><strong>non</strong></span> <span class='ocrx_word' id='word_1_628' title='bbox 2664 2536 2829 2594; x_wconf 81' lang='lat' dir='ltr'><strong>etiarn</strong></span> <span class='ocrx_word' id='word_1_629' title='bbox 2875 2535 2937 2591; x_wconf 88' lang='lat' dir='ltr'><strong>in</strong></span> <span class='ocrx_word' id='word_1_630' title='bbox 2970 2546 3203 2603; x_wconf 77' lang='lat' dir='ltr'><strong>compen-</strong></span> 
     </span>
     <span class='ocr_line' id='line_1_92' title="bbox 1897 2609 3199 2691; baseline 0.007 -27"><span class='ocrx_word' id='word_1_631' title='bbox 1897 2609 2022 2665; x_wconf 89' lang='lat' dir='ltr'><strong>diis.</strong></span> <span class='ocrx_word' id='word_1_632' title='bbox 2076 2612 2134 2667; x_wconf 82' lang='grc'><strong>1,.</strong></span> <span class='ocrx_word' id='word_1_633' title='bbox 2169 2627 2351 2678; x_wconf 79' lang='lat' dir='ltr'><strong>error,</strong></span> <span class='ocrx_word' id='word_1_634' title='bbox 2391 2615 2459 2670; x_wconf 91' lang='lat' dir='ltr'><strong><em>D.</em></strong></span> <span class='ocrx_word' id='word_1_635' title='bbox 2498 2617 2561 2672; x_wconf 75' lang='lat' dir='ltr'><strong>de</strong></span> <span class='ocrx_word' id='word_1_636' title='bbox 2589 2619 2707 2686; x_wconf 79' lang='lat' dir='ltr'><strong>jur.</strong></span> <span class='ocrx_word' id='word_1_637' title='bbox 2746 2625 2797 2672; x_wconf 77' lang='lat' dir='ltr'><strong>ct</strong></span> <span class='ocrx_word' id='word_1_638' title='bbox 2828 2619 2959 2691; x_wconf 70' lang='lat' dir='ltr'><strong>fact.</strong></span> <span class='ocrx_word' id='word_1_639' title='bbox 2994 2615 3099 2681; x_wconf 70' lang='lat' dir='ltr'><strong>imv-</strong></span> <span class='ocrx_word' id='word_1_640' title='bbox 3144 2609 3199 2664; x_wconf 71' lang='lat' dir='ltr'>L</span> 
     </span>
     <span class='ocr_line' id='line_1_93' title="bbox 1892 2688 3199 2757; baseline 0 -16"><span class='ocrx_word' id='word_1_641' title='bbox 1892 2693 2153 2757; x_wconf 75' lang='lat' dir='ltr'><strong>quamvis,</strong></span> <span class='ocrx_word' id='word_1_642' title='bbox 2173 2691 2232 2746; x_wconf 93' lang='lat' dir='ltr'><strong><em>L.</em></strong></span> <span class='ocrx_word' id='word_1_643' title='bbox 2258 2694 2355 2749; x_wconf 79' lang='lat' dir='ltr'><strong>ult.</strong></span> <span class='ocrx_word' id='word_1_644' title='bbox 2374 2693 2431 2748; x_wconf 88' lang='lat' dir='ltr'><strong>C.</strong></span> <span class='ocrx_word' id='word_1_645' title='bbox 2456 2698 2566 2752; x_wconf 77' lang='lat' dir='ltr'><strong>eod.</strong></span> <span class='ocrx_word' id='word_1_646' title='bbox 2582 2695 2651 2750; x_wconf 90' lang='lat' dir='ltr'><strong>Et</strong></span> <span class='ocrx_word' id='word_1_647' title='bbox 2668 2695 2787 2752; x_wconf 88' lang='lat' dir='ltr'><strong>ideo</strong></span> <span class='ocrx_word' id='word_1_648' title='bbox 2802 2734 2815 2752; x_wconf 84' lang='lat'><strong>.</strong></span> <span class='ocrx_word' id='word_1_649' title='bbox 2830 2694 2881 2748; x_wconf 89' lang='lat' dir='ltr'><strong>si</strong></span> <span class='ocrx_word' id='word_1_650' title='bbox 2914 2688 3199 2749; x_wconf 82' lang='lat' dir='ltr'><strong>indebitum</strong></span> 
     </span>
     <span class='ocr_line' id='line_1_94' title="bbox 1892 2766 3199 2844; baseline -0.002 -22"><span class='ocrx_word' id='word_1_651' title='bbox 1892 2781 1989 2837; x_wconf 87' lang='lat' dir='ltr'><strong>per</strong></span> <span class='ocrx_word' id='word_1_652' title='bbox 2011 2780 2245 2824; x_wconf 87' lang='lat' dir='ltr'><strong>errorem</strong></span> <span class='ocrx_word' id='word_1_653' title='bbox 2268 2768 2407 2841; x_wconf 84' lang='lat' dir='ltr'><strong>juris</strong></span> <span class='ocrx_word' id='word_1_654' title='bbox 2432 2773 2593 2829; x_wconf 86' lang='lat' dir='ltr'><strong>solvit</strong></span> <span class='ocrx_word' id='word_1_655' title='bbox 2606 2771 2830 2829; x_wconf 87' lang='lat' dir='ltr'><strong>mulier:</strong></span> <span class='ocrx_word' id='word_1_656' title='bbox 2849 2766 3199 2844; x_wconf 75' lang='lat' dir='ltr'><strong>mpetetzdutn</strong></span> 
     </span>
     <span class='ocr_line' id='line_1_95' title="bbox 1893 2843 3200 2922; baseline 0.001 -23"><span class='ocrx_word' id='word_1_657' title='bbox 1893 2843 2027 2902; x_wconf 84' lang='lat' dir='ltr'><strong>forte</strong></span> <span class='ocrx_word' id='word_1_658' title='bbox 2065 2845 2190 2913; x_wconf 89' lang='lat' dir='ltr'><strong>scit,</strong></span> <span class='ocrx_word' id='word_1_659' title='bbox 2228 2851 2546 2907; x_wconf 89' lang='lat' dir='ltr'><strong>creditorem</strong></span> <span class='ocrx_word' id='word_1_660' title='bbox 2586 2857 2803 2922; x_wconf 85' lang='lat' dir='ltr'><strong>paetum</strong></span> <span class='ocrx_word' id='word_1_661' title='bbox 2846 2865 2991 2911; x_wconf 63' lang='lat' dir='ltr'><strong>esse.</strong></span> <span class='ocrx_word' id='word_1_662' title='bbox 3016 2863 3069 2904; x_wconf 80' lang='lat' dir='ltr'><strong>se</strong></span> <span class='ocrx_word' id='word_1_663' title='bbox 3102 2857 3200 2900; x_wconf 86' lang='lat' dir='ltr'><strong>nou</strong></span> 
     </span>
     <span class='ocr_line' id='line_1_96' title="bbox 1892 2922 3204 3002; baseline 0.002 -22"><span class='ocrx_word' id='word_1_664' title='bbox 1892 2925 2215 3000; x_wconf 75' lang='lat' dir='ltr'><strong>petiturum,</strong></span> <span class='ocrx_word' id='word_1_665' title='bbox 2243 2928 2335 2982; x_wconf 86' lang='lat' dir='ltr'><strong>sed</strong></span> <span class='ocrx_word' id='word_1_666' title='bbox 2356 2927 2635 3001; x_wconf 87' lang='lat' dir='ltr'><strong>imperitia</strong></span> <span class='ocrx_word' id='word_1_667' title='bbox 2674 2927 2813 3002; x_wconf 79' lang='lat' dir='ltr'><strong>juris</strong></span> <span class='ocrx_word' id='word_1_668' title='bbox 2840 2945 2957 2983; x_wconf 89' lang='lat' dir='ltr'><strong>non</strong></span> <span class='ocrx_word' id='word_1_669' title='bbox 2984 2922 3204 2998; x_wconf 76' lang='lat' dir='ltr'><strong>putavit.</strong></span> 
     </span>
     <span class='ocr_line' id='line_1_97' title="bbox 1895 2999 3203 3074; baseline 0.002 -17"><span class='ocrx_word' id='word_1_670' title='bbox 1895 3002 2035 3059; x_wconf 88' lang='lat' dir='ltr'><strong>banc</strong></span> <span class='ocrx_word' id='word_1_671' title='bbox 2077 3005 2455 3074; x_wconf 88' lang='lat' dir='ltr'><strong>professionem</strong></span> <span class='ocrx_word' id='word_1_672' title='bbox 2506 3005 2789 3063; x_wconf 87' lang='lat' dir='ltr'><strong>creditoris</strong></span> <span class='ocrx_word' id='word_1_673' title='bbox 2827 3005 2963 3062; x_wconf 88' lang='lat' dir='ltr'><strong>satis</strong></span> <span class='ocrx_word' id='word_1_674' title='bbox 3000 3018 3107 3059; x_wconf 80' lang='lat' dir='ltr'><strong>esse</strong></span> <span class='ocrx_word' id='word_1_675' title='bbox 3142 2999 3203 3055; x_wconf 73' lang='lat' dir='ltr'><strong>ad</strong></span> 
     </span>
     <span class='ocr_line' id='line_1_98' title="bbox 1894 3079 3208 3156; baseline -0.001 -20"><span class='ocrx_word' id='word_1_676' title='bbox 1894 3081 2271 3139; x_wconf 85' lang='lat' dir='ltr'><strong>liberationem</strong></span> <span class='ocrx_word' id='word_1_677' title='bbox 2298 3091 2483 3141; x_wconf 86' lang='lat' dir='ltr'><strong>contra</strong></span> <span class='ocrx_word' id='word_1_678' title='bbox 2500 3126 2513 3144; x_wconf 86' lang='lat'><strong>.</strong></span> <span class='ocrx_word' id='word_1_679' title='bbox 2536 3101 2703 3156; x_wconf 86' lang='lat' dir='ltr'><strong>quam</strong></span> <span class='ocrx_word' id='word_1_680' title='bbox 2728 3085 2817 3156; x_wconf 83' lang='lat' dir='ltr'><strong>jus</strong></span> <span class='ocrx_word' id='word_1_681' title='bbox 2842 3093 2945 3141; x_wconf 89' lang='lat' dir='ltr'><strong>est.</strong></span> <span class='ocrx_word' id='word_1_682' title='bbox 2972 3083 3030 3140; x_wconf 91' lang='lat' dir='ltr'><strong>L.</strong></span> <span class='ocrx_word' id='word_1_683' title='bbox 3071 3081 3121 3135; x_wconf 83' lang='lat'><strong>5.</strong></span> <span class='ocrx_word' id='word_1_684' title='bbox 3152 3079 3208 3135; x_wconf 70' lang='lat'><strong>(⁹-</strong></span> 
     </span>
     <span class='ocr_line' id='line_1_99' title="bbox 1891 3161 3209 3235; baseline -0.001 -17"><span class='ocrx_word' id='word_1_685' title='bbox 1891 3161 1955 3218; x_wconf 75' lang='lat' dir='ltr'><strong>do</strong></span> <span class='ocrx_word' id='word_1_686' title='bbox 1970 3169 2117 3231; x_wconf 79' lang='lat' dir='ltr'><strong>pact.</strong></span> <span class='ocrx_word' id='word_1_687' title='bbox 2143 3162 2208 3217; x_wconf 90' lang='lat' dir='ltr'><strong>ln</strong></span> <span class='ocrx_word' id='word_1_688' title='bbox 2249 3163 2669 3235; x_wconf 88' lang='lat' dir='ltr'><strong>usucapionibus</strong></span> <span class='ocrx_word' id='word_1_689' title='bbox 2684 3205 2700 3228; x_wconf 90' lang='lat'>‚</span> <span class='ocrx_word' id='word_1_690' title='bbox 2726 3169 2778 3218; x_wconf 89' lang='lat' dir='ltr'><strong>et</strong></span> <span class='ocrx_word' id='word_1_691' title='bbox 2804 3163 3075 3219; x_wconf 89' lang='lat' dir='ltr'><strong>bonorum</strong></span> <span class='ocrx_word' id='word_1_692' title='bbox 3100 3171 3209 3230; x_wconf 68' lang='lat' dir='ltr'><strong>pos-</strong></span> 
     </span>
     <span class='ocr_line' id='line_1_100' title="bbox 1891 3234 3207 3312; baseline -0.006 -16"><span class='ocrx_word' id='word_1_693' title='bbox 1891 3239 2124 3296; x_wconf 84' lang='lat' dir='ltr'><strong>sessione</strong></span> <span class='ocrx_word' id='word_1_694' title='bbox 2151 3243 2484 3312; x_wconf 82' lang='lat' dir='ltr'><strong>agnoscenda</strong></span> <span class='ocrx_word' id='word_1_695' title='bbox 2528 3241 2618 3296; x_wconf 86' lang='lat' dir='ltr'><strong>hie</strong></span> <span class='ocrx_word' id='word_1_696' title='bbox 2642 3257 2793 3297; x_wconf 87' lang='lat' dir='ltr'><strong>error</strong></span> <span class='ocrx_word' id='word_1_697' title='bbox 2814 3259 2929 3298; x_wconf 90' lang='lat' dir='ltr'><strong>non</strong></span> <span class='ocrx_word' id='word_1_698' title='bbox 2960 3234 3207 3312; x_wconf 85' lang='lat' dir='ltr'><strong>proderit,</strong></span> 
     </span>
     <span class='ocr_line' id='line_1_101' title="bbox 1890 3309 3205 3390; baseline -0.005 -17"><span class='ocrx_word' id='word_1_699' title='bbox 1890 3325 1949 3373; x_wconf 89' lang='lat' dir='ltr'><strong>ut</strong></span> <span class='ocrx_word' id='word_1_700' title='bbox 1974 3333 2134 3390; x_wconf 88' lang='lat' dir='ltr'><strong>supra</strong></span> <span class='ocrx_word' id='word_1_701' title='bbox 2162 3319 2417 3376; x_wconf 87' lang='lat' dir='ltr'><strong>diximus.</strong></span> <span class='ocrx_word' id='word_1_702' title='bbox 2444 3321 2533 3375; x_wconf 81' lang='lat' dir='ltr'><strong>Ad</strong></span> <span class='ocrx_word' id='word_1_703' title='bbox 2572 3319 2713 3376; x_wconf 86' lang='lat' dir='ltr'><strong>hanc</strong></span> <span class='ocrx_word' id='word_1_704' title='bbox 2740 3319 3013 3376; x_wconf 89' lang='lat' dir='ltr'><strong>rationem</strong></span> <span class='ocrx_word' id='word_1_705' title='bbox 3036 3309 3205 3371; x_wconf 80' lang='lat' dir='ltr'><strong>referri</strong></span> 
     </span>
     <span class='ocr_line' id='line_1_102' title="bbox 1890 3389 3209 3470; baseline -0.004 -19"><span class='ocrx_word' id='word_1_706' title='bbox 1890 3397 2085 3452; x_wconf 88' lang='lat' dir='ltr'><strong>debere</strong></span> <span class='ocrx_word' id='word_1_707' title='bbox 2109 3395 2351 3462; x_wconf 86' lang='lat' dir='ltr'><strong>videtur,</strong></span> <span class='ocrx_word' id='word_1_708' title='bbox 2375 3399 2527 3468; x_wconf 89' lang='lat' dir='ltr'><strong>quod</strong></span> <span class='ocrx_word' id='word_1_709' title='bbox 2553 3397 2789 3470; x_wconf 84' lang='lat' dir='ltr'><strong>placuit,</strong></span> <span class='ocrx_word' id='word_1_710' title='bbox 2814 3397 2863 3453; x_wconf 88' lang='lat' dir='ltr'><strong>si</strong></span> <span class='ocrx_word' id='word_1_711' title='bbox 2892 3394 3097 3453; x_wconf 87' lang='lat' dir='ltr'><strong>mulier</strong></span> <span class='ocrx_word' id='word_1_712' title='bbox 3116 3389 3209 3446; x_wconf 88' lang='lat' dir='ltr'><strong>mi-</strong></span> 
     </span>
     <span class='ocr_line' id='line_1_103' title="bbox 1896 3471 3211 3548; baseline -0.002 -19"><span class='ocrx_word' id='word_1_713' title='bbox 1896 3491 1997 3532; x_wconf 89' lang='lat' dir='ltr'><strong>nus</strong></span> <span class='ocrx_word' id='word_1_714' title='bbox 2022 3475 2279 3531; x_wconf 88' lang='lat' dir='ltr'><strong>idoneum</strong></span> <span class='ocrx_word' id='word_1_715' title='bbox 2306 3476 2671 3548; x_wconf 78' lang='lat' dir='ltr'><strong>fidejussorem</strong></span> <span class='ocrx_word' id='word_1_716' title='bbox 2713 3475 3009 3548; x_wconf 88' lang='lat' dir='ltr'><strong>acceperit:</strong></span> <span class='ocrx_word' id='word_1_717' title='bbox 3034 3471 3081 3528; x_wconf 91' lang='lat' dir='ltr'><strong>ei</strong></span> <span class='ocrx_word' id='word_1_718' title='bbox 3106 3483 3211 3526; x_wconf 60' lang='lat' dir='ltr'><strong>surr</strong></span> 
     </span>
     <span class='ocr_line' id='line_1_104' title="bbox 1893 3553 3211 3626; baseline 0.005 -19"><span class='ocrx_word' id='word_1_719' title='bbox 1893 3554 2222 3609; x_wconf 88' lang='lat' dir='ltr'><strong>currendum</strong></span> <span class='ocrx_word' id='word_1_720' title='bbox 2248 3569 2359 3611; x_wconf 65' lang='lat' dir='ltr'><strong>esse</strong></span> <span class='ocrx_word' id='word_1_721' title='bbox 2382 3561 2594 3626; x_wconf 88' lang='lat' dir='ltr'><strong>propter</strong></span> <span class='ocrx_word' id='word_1_722' title='bbox 2620 3553 2979 3626; x_wconf 86' lang='lat' dir='ltr'><strong>imperitiam,</strong></span> <span class='ocrx_word' id='word_1_723' title='bbox 3002 3555 3079 3614; x_wconf 83' lang='lat' dir='ltr'><strong>ut,</strong></span> <span class='ocrx_word' id='word_1_724' title='bbox 3102 3555 3211 3602; x_wconf 66' lang='grc' dir='ltr'><strong>(θῦ-</strong></span> 
     </span>
     <span class='ocr_line' id='line_1_105' title="bbox 1894 3624 3211 3704; baseline 0 -18"><span class='ocrx_word' id='word_1_725' title='bbox 1894 3647 2061 3704; x_wconf 86' lang='lat' dir='ltr'><strong>quam</strong></span> <span class='ocrx_word' id='word_1_726' title='bbox 2091 3632 2191 3686; x_wconf 87' lang='lat' dir='ltr'><strong>hoc</strong></span> <span class='ocrx_word' id='word_1_727' title='bbox 2216 3647 2326 3688; x_wconf 86' lang='lat' dir='ltr'><strong>non</strong></span> <span class='ocrx_word' id='word_1_728' title='bbox 2354 3635 2505 3696; x_wconf 87' lang='lat' dir='ltr'><strong>dato,</strong></span> <span class='ocrx_word' id='word_1_729' title='bbox 2533 3633 2709 3688; x_wconf 86' lang='lat' dir='ltr'><strong>alium</strong></span> <span class='ocrx_word' id='word_1_730' title='bbox 2746 3639 2932 3703; x_wconf 87' lang='lat' dir='ltr'><strong>petere</strong></span> <span class='ocrx_word' id='word_1_731' title='bbox 2958 3626 3133 3703; x_wconf 72' lang='lat' dir='ltr'><strong>possit·</strong></span> <span class='ocrx_word' id='word_1_732' title='bbox 3160 3624 3211 3678; x_wconf 75' lang='lat' dir='ltr'><strong>L-</strong></span> 
     </span>
     <span class='ocr_line' id='line_1_106' title="bbox 1892 3705 3215 3791; baseline -0.004 -24"><span class='ocrx_word' id='word_1_733' title='bbox 1892 3715 1957 3767; x_wconf 78' lang='lat' dir='ltr'><strong>de</strong></span> <span class='ocrx_word' id='word_1_734' title='bbox 1980 3713 2095 3774; x_wconf 77' lang='lat' dir='ltr'><strong>die,</strong></span> <span class='ocrx_word' id='word_1_735' title='bbox 2120 3712 2177 3783; x_wconf 68' lang='lat' dir='ltr'><strong>S.</strong></span> <span class='ocrx_word' id='word_1_736' title='bbox 2202 3713 2252 3766; x_wconf 72' lang='lat' dir='ltr'><strong>sc·</strong></span> <span class='ocrx_word' id='word_1_737' title='bbox 2286 3727 2493 3774; x_wconf 68' lang='lat' dir='ltr'><strong>scmus,</strong></span> <span class='ocrx_word' id='word_1_738' title='bbox 2518 3711 2585 3768; x_wconf 89' lang='lat' dir='ltr'><strong>D.</strong></span> <span class='ocrx_word' id='word_1_739' title='bbox 2609 3713 2705 3783; x_wconf 78' lang='lat' dir='ltr'><strong>qm·</strong></span> <span class='ocrx_word' id='word_1_740' title='bbox 2742 3713 2932 3766; x_wconf 62' lang='lat' dir='ltr'><strong>rausa.</strong></span> <span class='ocrx_word' id='word_1_741' title='bbox 2956 3723 3067 3778; x_wconf 64' lang='grc' dir='ltr'><strong>σος.</strong></span> <span class='ocrx_word' id='word_1_742' title='bbox 3100 3705 3215 3791; x_wconf 69' lang='lat' dir='ltr'><strong>Mu-</strong></span> 
     </span>
     <span class='ocr_line' id='line_1_107' title="bbox 1892 3788 3217 3859; baseline -0.005 -14"><span class='ocrx_word' id='word_1_743' title='bbox 1892 3790 1997 3845; x_wconf 90' lang='lat' dir='ltr'><strong>lier</strong></span> <span class='ocrx_word' id='word_1_744' title='bbox 2034 3789 2183 3846; x_wconf 88' lang='lat' dir='ltr'><strong>enim</strong></span> <span class='ocrx_word' id='word_1_745' title='bbox 2224 3805 2334 3845; x_wconf 89' lang='lat' dir='ltr'><strong>non</strong></span> <span class='ocrx_word' id='word_1_746' title='bbox 2374 3788 2633 3846; x_wconf 86' lang='lat' dir='ltr'><strong>idoneum</strong></span> <span class='ocrx_word' id='word_1_747' title='bbox 2674 3789 3049 3859; x_wconf 81' lang='lat' dir='ltr'><strong>fidejussorem</strong></span> <span class='ocrx_word' id='word_1_748' title='bbox 3088 3797 3217 3838; x_wconf 82' lang='lat' dir='ltr'><strong>acet·-</strong></span> 
     </span>
     <span class='ocr_line' id='line_1_108' title="bbox 1892 3859 3213 3940; baseline -0.005 -18"><span class='ocrx_word' id='word_1_749' title='bbox 1892 3867 2045 3940; x_wconf 87' lang='lat' dir='ltr'><strong>piens</strong></span> <span class='ocrx_word' id='word_1_750' title='bbox 2063 3908 2077 3930; x_wconf 95' lang='lat'><strong>,</strong></span> <span class='ocrx_word' id='word_1_751' title='bbox 2102 3875 2163 3924; x_wconf 89' lang='lat' dir='ltr'><strong>ut</strong></span> <span class='ocrx_word' id='word_1_752' title='bbox 2188 3867 2289 3923; x_wconf 87' lang='lat' dir='ltr'><strong>hoc</strong></span> <span class='ocrx_word' id='word_1_753' title='bbox 2313 3872 2563 3923; x_wconf 89' lang='lat' dir='ltr'><strong>contenta</strong></span> <span class='ocrx_word' id='word_1_754' title='bbox 2590 3866 2696 3923; x_wconf 82' lang='lat' dir='ltr'><strong>fuit</strong></span> <span class='ocrx_word' id='word_1_755' title='bbox 2712 3907 2726 3929; x_wconf 94' lang='lat'><strong>,</strong></span> <span class='ocrx_word' id='word_1_756' title='bbox 2754 3865 2829 3922; x_wconf 85' lang='lat' dir='ltr'><strong>ita</strong></span> <span class='ocrx_word' id='word_1_757' title='bbox 2856 3865 3029 3922; x_wconf 88' lang='lat' dir='ltr'><strong>simul</strong></span> <span class='ocrx_word' id='word_1_758' title='bbox 3056 3859 3213 3919; x_wconf 85' lang='lat' dir='ltr'><strong>facul-</strong></span> 
     </span>
     <span class='ocr_line' id='line_1_109' title="bbox 1892 3939 3217 4018; baseline -0.008 -16"><span class='ocrx_word' id='word_1_759' title='bbox 1892 3953 2056 4002; x_wconf 87' lang='lat' dir='ltr'><strong>tatem</strong></span> <span class='ocrx_word' id='word_1_760' title='bbox 2072 3986 2087 4008; x_wconf 87' lang='lat'><strong>‚</strong></span> <span class='ocrx_word' id='word_1_761' title='bbox 2123 3961 2288 4018; x_wconf 87' lang='lat' dir='ltr'><strong>quam</strong></span> <span class='ocrx_word' id='word_1_762' title='bbox 2328 3951 2641 4016; x_wconf 64' lang='lat' dir='ltr'><strong>praesentem</strong></span> <span class='ocrx_word' id='word_1_763' title='bbox 2692 3945 2893 4000; x_wconf 88' lang='lat' dir='ltr'><strong>habuit</strong></span> <span class='ocrx_word' id='word_1_764' title='bbox 2933 3942 3071 3998; x_wconf 87' lang='lat' dir='ltr'><strong>alios</strong></span> <span class='ocrx_word' id='word_1_765' title='bbox 3107 3939 3217 3993; x_wconf 81' lang='lat' dir='ltr'><strong>ido-</strong></span> 
     </span>
     <span class='ocr_line' id='line_1_110' title="bbox 1892 4013 3217 4096; baseline -0.008 -15"><span class='ocrx_word' id='word_1_766' title='bbox 1892 4041 2021 4082; x_wconf 89' lang='lat' dir='ltr'><strong>neos</strong></span> <span class='ocrx_word' id='word_1_767' title='bbox 2046 4024 2386 4088; x_wconf 88' lang='lat' dir='ltr'><strong>admittendi,</strong></span> <span class='ocrx_word' id='word_1_768' title='bbox 2412 4023 2753 4096; x_wconf 85' lang='lat' dir='ltr'><strong>repudiatam</strong></span> <span class='ocrx_word' id='word_1_769' title='bbox 2782 4021 2989 4078; x_wconf 84' lang='lat' dir='ltr'><strong>amisit.</strong></span> <span class='ocrx_word' id='word_1_770' title='bbox 3012 4021 3091 4076; x_wconf 81' lang='lat' dir='ltr'><strong>Ac</strong></span> <span class='ocrx_word' id='word_1_771' title='bbox 3104 4013 3217 4074; x_wconf 77' lang='lat' dir='ltr'><strong>fieri</strong></span> 
     </span>
     <span class='ocr_line' id='line_1_111' title="bbox 1890 4093 3217 4176; baseline -0.004 -18"><span class='ocrx_word' id='word_1_772' title='bbox 1890 4110 2083 4176; x_wconf 80' lang='lat' dir='ltr'><strong>potest,</strong></span> <span class='ocrx_word' id='word_1_773' title='bbox 2107 4109 2167 4158; x_wconf 90' lang='lat' dir='ltr'><strong>ut</strong></span> <span class='ocrx_word' id='word_1_774' title='bbox 2192 4102 2313 4158; x_wconf 88' lang='lat' dir='ltr'><strong>ideo</strong></span> <span class='ocrx_word' id='word_1_775' title='bbox 2353 4101 2613 4174; x_wconf 86' lang='lat' dir='ltr'><strong>acceperit</strong></span> <span class='ocrx_word' id='word_1_776' title='bbox 2636 4117 2748 4157; x_wconf 91' lang='lat' dir='ltr'><strong>non</strong></span> <span class='ocrx_word' id='word_1_777' title='bbox 2775 4099 3069 4162; x_wconf 83' lang='lat' dir='ltr'><strong>idoneum,</strong></span> <span class='ocrx_word' id='word_1_778' title='bbox 3090 4093 3217 4166; x_wconf 60' lang='lat' dir='ltr'><strong>qui&amp;</strong></span> 
     </span>
     <span class='ocr_line' id='line_1_112' title="bbox 1893 4173 3218 4254; baseline -0.009 -16"><span class='ocrx_word' id='word_1_779' title='bbox 1893 4189 2072 4254; x_wconf 84' lang='lat' dir='ltr'><strong>putat,</strong></span> <span class='ocrx_word' id='word_1_780' title='bbox 2097 4182 2223 4238; x_wconf 90' lang='lat' dir='ltr'><strong>satis</strong></span> <span class='ocrx_word' id='word_1_781' title='bbox 2248 4197 2357 4237; x_wconf 83' lang='lat' dir='ltr'><strong>esse</strong></span> <span class='ocrx_word' id='word_1_782' title='bbox 2383 4182 2451 4236; x_wconf 91' lang='lat' dir='ltr'><strong>ad</strong></span> <span class='ocrx_word' id='word_1_783' title='bbox 2478 4179 2885 4236; x_wconf 85' lang='lat' dir='ltr'><strong>satisdationem</strong></span> <span class='ocrx_word' id='word_1_784' title='bbox 2922 4173 3218 4250; x_wconf 83' lang='lat' dir='ltr'><strong>quemlibet</strong></span> 
     </span>
     <span class='ocr_line' id='line_1_113' title="bbox 1898 4255 3225 4335; baseline -0.011 -17"><span class='ocrx_word' id='word_1_785' title='bbox 1898 4263 2265 4335; x_wconf 87' lang='lat' dir='ltr'><strong>fidejussorem</strong></span> <span class='ocrx_word' id='word_1_786' title='bbox 2292 4259 2490 4315; x_wconf 76' lang='lat' dir='ltr'><strong>offerri.</strong></span> <span class='ocrx_word' id='word_1_787' title='bbox 2512 4258 2673 4325; x_wconf 88' lang='lat' dir='ltr'><strong>Quod</strong></span> <span class='ocrx_word' id='word_1_788' title='bbox 2700 4256 2851 4312; x_wconf 86' lang='lat' dir='ltr'><strong>sexui</strong></span> <span class='ocrx_word' id='word_1_789' title='bbox 2868 4256 2930 4311; x_wconf 89' lang='lat' dir='ltr'><strong>in</strong></span> <span class='ocrx_word' id='word_1_790' title='bbox 2961 4255 3063 4309; x_wconf 80' lang='lat' dir='ltr'><strong>hac</strong></span> <span class='ocrx_word' id='word_1_791' title='bbox 3076 4265 3225 4308; x_wconf 82' lang='lat' dir='ltr'><strong>caus-</strong></span> 
     </span>
     <span class='ocr_line' id='line_1_114' title="bbox 1898 4333 3219 4403; baseline -0.011 -5"><span class='ocrx_word' id='word_1_792' title='bbox 1898 4356 1956 4398; x_wconf 82' lang='lat' dir='ltr'><strong>sa</strong></span> <span class='ocrx_word' id='word_1_793' title='bbox 2008 4343 2195 4403; x_wconf 84' lang='lat' dir='ltr'><strong>datur,</strong></span> <span class='ocrx_word' id='word_1_794' title='bbox 2244 4336 2555 4393; x_wconf 84' lang='lat' dir='ltr'><strong>conceditur</strong></span> <span class='ocrx_word' id='word_1_795' title='bbox 2580 4341 2632 4390; x_wconf 90' lang='lat' dir='ltr'><strong>et</strong></span> <span class='ocrx_word' id='word_1_796' title='bbox 2666 4333 2959 4391; x_wconf 88' lang='lat' dir='ltr'><strong>rusticitati</strong></span> <span class='ocrx_word' id='word_1_797' title='bbox 3012 4333 3219 4402; x_wconf 79' lang='lat' dir='ltr'><strong>propter</strong></span> 
     </span>
     <span class='ocr_line' id='line_1_115' title="bbox 1895 4407 3221 4487; baseline -0.013 -11"><span class='ocrx_word' id='word_1_798' title='bbox 1895 4420 2141 4476; x_wconf 85' lang='lat' dir='ltr'><strong>eamdem</strong></span> <span class='ocrx_word' id='word_1_799' title='bbox 2170 4415 2500 4487; x_wconf 86' lang='lat' dir='ltr'><strong>imperitiam</strong></span> <span class='ocrx_word' id='word_1_800' title='bbox 2515 4454 2530 4478; x_wconf 98' lang='lat'><strong>,</strong></span> <span class='ocrx_word' id='word_1_801' title='bbox 2554 4413 2891 4482; x_wconf 88' lang='lat' dir='ltr'><strong>omninoque</strong></span> <span class='ocrx_word' id='word_1_802' title='bbox 2906 4407 3221 4468; x_wconf 78' lang='lat' dir='ltr'><strong>haeceodem</strong></span> 
     </span>
     <span class='ocr_line' id='line_1_116' title="bbox 1891 4484 3225 4572; baseline -0.012 -18"><span class='ocrx_word' id='word_1_803' title='bbox 1891 4501 2014 4572; x_wconf 86' lang='lat' dir='ltr'><strong>jure</strong></span> <span class='ocrx_word' id='word_1_804' title='bbox 2042 4499 2325 4553; x_wconf 87' lang='lat' dir='ltr'><strong>habentur.</strong></span> <span class='ocrx_word' id='word_1_805' title='bbox 2366 4494 2427 4549; x_wconf 90' lang='lat' dir='ltr'><strong>L.</strong></span> <span class='ocrx_word' id='word_1_806' title='bbox 2452 4495 2506 4549; x_wconf 79' lang='lat'><strong>2.</strong></span> <span class='ocrx_word' id='word_1_807' title='bbox 2528 4496 2587 4547; x_wconf 77' lang='lat' dir='ltr'><strong>in</strong></span> <span class='ocrx_word' id='word_1_808' title='bbox 2612 4491 2670 4561; x_wconf 76' lang='lat' dir='ltr'><strong>fi.</strong></span> <span class='ocrx_word' id='word_1_809' title='bbox 2695 4493 2767 4548; x_wconf 90' lang='lat' dir='ltr'><strong>D.</strong></span> <span class='ocrx_word' id='word_1_810' title='bbox 2790 4491 2855 4544; x_wconf 70' lang='lat' dir='ltr'><strong>de</strong></span> <span class='ocrx_word' id='word_1_811' title='bbox 2870 4493 2999 4561; x_wconf 73' lang='lat' dir='ltr'><strong>jur.</strong></span> <span class='ocrx_word' id='word_1_812' title='bbox 3023 4486 3131 4556; x_wconf 70' lang='lat' dir='ltr'><strong>fiee.</strong></span> <span class='ocrx_word' id='word_1_813' title='bbox 3170 4484 3225 4538; x_wconf 83' lang='lat' dir='ltr'><strong>L.</strong></span> 
     </span>
     <span class='ocr_line' id='line_1_117' title="bbox 1904 4572 3162 4652; baseline -0.012 -19"><span class='ocrx_word' id='word_1_814' title='bbox 1904 4580 1955 4634; x_wconf 86' lang='lat'><strong><em>1.</em></strong></span> <span class='ocrx_word' id='word_1_815' title='bbox 1982 4580 2041 4632; x_wconf 78' lang='lat' dir='ltr'><strong>in</strong></span> <span class='ocrx_word' id='word_1_816' title='bbox 2064 4577 2121 4646; x_wconf 74' lang='lat' dir='ltr'><strong>fi.</strong></span> <span class='ocrx_word' id='word_1_817' title='bbox 2149 4577 2219 4632; x_wconf 90' lang='lat' dir='ltr'><strong>D.</strong></span> <span class='ocrx_word' id='word_1_818' title='bbox 2242 4575 2307 4630; x_wconf 75' lang='lat' dir='ltr'><strong>de</strong></span> <span class='ocrx_word' id='word_1_819' title='bbox 2332 4572 2510 4628; x_wconf 67' lang='lat' dir='ltr'><strong>edenti.</strong></span> <span class='ocrx_word' id='word_1_820' title='bbox 2908 4641 2925 4652; x_wconf 39' lang='lat'>⁸</span> <span class='ocrx_word' id='word_1_821' title='bbox 3149 4639 3162 4650; x_wconf 48' lang='grc'><strong>.</strong></span> 
     </span>
     <span class='ocr_line' id='line_1_118' title="bbox 1978 4641 3231 4721; baseline -0.015 -10"><span class='ocrx_word' id='word_1_822' title='bbox 1978 4656 2129 4711; x_wconf 83' lang='lat' dir='ltr'><strong><em>xw.</em></strong></span> <span class='ocrx_word' id='word_1_823' title='bbox 2157 4654 2233 4708; x_wconf 90' lang='lat' dir='ltr'><strong>De</strong></span> <span class='ocrx_word' id='word_1_824' title='bbox 2258 4650 2413 4708; x_wconf 87' lang='lat' dir='ltr'><strong>tertio</strong></span> <span class='ocrx_word' id='word_1_825' title='bbox 2438 4663 2631 4721; x_wconf 79' lang='lat' dir='ltr'><strong>genere</strong></span> <span class='ocrx_word' id='word_1_826' title='bbox 2650 4646 2729 4703; x_wconf 84' lang='lat' dir='ltr'><strong>sic</strong></span> <span class='ocrx_word' id='word_1_827' title='bbox 2753 4645 2952 4701; x_wconf 78' lang='lat' dir='ltr'><strong>definit</strong></span> <span class='ocrx_word' id='word_1_828' title='bbox 2966 4641 3231 4712; x_wconf 73' lang='lat' dir='ltr'><strong>Papinia-</strong></span> 
     </span>
     <span class='ocr_line' id='line_1_119' title="bbox 1900 4719 3230 4797; baseline -0.013 -7"><span class='ocrx_word' id='word_1_829' title='bbox 1900 4751 2003 4792; x_wconf 90' lang='lat' dir='ltr'><strong>nus</strong></span> <span class='ocrx_word' id='word_1_830' title='bbox 2042 4735 2101 4790; x_wconf 86' lang='lat' dir='ltr'><strong>in</strong></span> <span class='ocrx_word' id='word_1_831' title='bbox 2142 4735 2194 4789; x_wconf 77' lang='grc' dir='ltr'><strong>α.</strong></span> <span class='ocrx_word' id='word_1_832' title='bbox 2236 4733 2296 4788; x_wconf 87' lang='lat' dir='ltr'><strong>L.</strong></span> <span class='ocrx_word' id='word_1_833' title='bbox 2332 4745 2509 4792; x_wconf 66' lang='lat' dir='ltr'><strong>amr,</strong></span> <span class='ocrx_word' id='word_1_834' title='bbox 2544 4729 2611 4783; x_wconf 89' lang='lat' dir='ltr'><strong>de</strong></span> <span class='ocrx_word' id='word_1_835' title='bbox 2644 4725 2755 4797; x_wconf 74' lang='lat' dir='ltr'><strong>jur.</strong></span> <span class='ocrx_word' id='word_1_836' title='bbox 2790 4728 2841 4779; x_wconf 87' lang='lat' dir='ltr'><strong>et</strong></span> <span class='ocrx_word' id='word_1_837' title='bbox 2882 4721 3013 4777; x_wconf 80' lang='lat' dir='ltr'><strong>fact.</strong></span> <span class='ocrx_word' id='word_1_838' title='bbox 3054 4719 3230 4791; x_wconf 83' lang='lat' dir='ltr'><strong>ignor.</strong></span> 
     </span>
    </p>
   </div>
  </div>
 </body>
</html>
