3327 5214
55 7 102 32 y·
139 6 348 25 *vv-'‘⁷‘'

257 207 284 265 7

198 211 392 373 guitur,
421 305 474 364 L.
515 305 560 360 εἰ
600 317 700 373 por
737 303 1148 371 &mantionis
1173 299 1233 356 L.
1271 297 1422 368 fidet.

729 197 826 256 ΒΕ
862 187 1305 256 Junss'crvlu
1345 193 1482 252 LIB.
1522 194 1564 250 1.
1603 193 1758 250 CAP.
1798 193 2002 250 XVIII.
2042 191 2197 250 xlx.

2720 195 2831 254 158

1571 297 1671 354 VI.
1711 297 1849 360 Sed,
1885 296 1930 354 si
1970 297 2073 353 hoc
2110 297 2185 353 ita
2226 303 2336 362 est,
2390 297 2704 364 videamus,
2745 298 2831 355 di-

193 391 470 446 misissem,
500 397 596 455 neq.
637 379 696 436 Γ.
731 381 796 436 de
827 367 982 436 ἷπηά.
1006 377 1176 434 indeo.
1203 378 1264 433 L.
1301 393 1420 432 mm
1499 375 1636 432 xerlt
1663 374 1893 446 aliquis,
1921 392 1989 432 nc
2017 389 2347 446 supervacua
2390 374 2460 434 sit
2503 377 2685 434 omnis
2713 377 2830 433 hire

189 471 298 538 quis,
327 465 373 520 C.
403 461 460 517 de
481 461 589 528 jur.
627 463 678 513 ee
711 461 836 534 fact.
855 460 972 526 iyn.
993 455 1124 528 quia
1151 464 1204 512 et
1231 456 1304 512 ita
1324 455 1413 526 jus
1486 454 1554 508 de
1593 453 1912 523 ignorantia}
1938 453 2278 510 excusatione
2303 454 2561 526 quaestio,
2596 473 2745 517 cum,
2784 453 2829 511 si

191 551 327 610 «snut
346 539 381 597 si
403 537 512 609 quis
536 531 1283 608 ignoranssolvit,condicere
1297 547 1412 604 pos-
1487 533 1576 586 lex
1617 547 1835 604 poenam
1876 533 2169 588 constituat
2194 531 2357 589 etiam
2386 534 2646 590 adversus
2673 533 2835 604 igno-

187 621 254 678 sit:
280 620 315 677 si
344 617 522 678 sciens,
550 633 606 672 se
643 629 756 672 non
805 613 1022 676 debere,
1075 619 1237 668 cesset
1275 626 1423 682 repe-

187 699 286 756 titio.
317 697 366 753 L.
405 695 446 750 ί.
481 693 540 750 1).
579 695 646 750 de
678 693 825 749 cond.
864 691 976 745 ind.
1003 689 1068 746 ln
1095 687 1422 760 usucapione

183 791 371 850 quique,
402 772 439 828 si
462 771 580 846 quis
603 769 794 827 emerit
821 769 924 832 ita,
967 777 1026 824 ut
1064 768 1264 839 emptio
1298 767 1420 837 jure

181 871 260 911 uon
279 855 468 914 valeret,
491 857 618 922 puta
634 847 824 906 emerit
852 865 882 903 a
911 846 1116 918 pupillo
1142 846 1259 902 sine
1276 853 1420 902 tuto-

181 934 234 988 ris
261 929 556 987 auctoritate:
585 925 890 998 ignorantia
931 923 1143 996 proficit
1183 925 1253 980 ad
1294 941 1418 980 usu-

175 1011 420 1082 apionem,
461 1007 512 1062 L.
551 1007 606 1062 2.
645 1007 704 1080 5.
739 1007 788 1060 n·
840 1019 877 1058 a
919 1003 1167 1074 pupillo,
1219 1003 1288 1058 D.
1317 1019 1424 1072 pro

175 1097 289 1158 nipe.
317 1085 518 1149 scilicet,
554 1083 690 1156 quia
727 1091 781 1138 et
817 1081 907 1138 lex
943 1080 1284 1153 usucapionis
1321 1079 1422 1136 hoc

173 1165 313 1222 efficit.
344 1163 542 1220 Tribuit
581 1162 732 1218 enim
771 1158 1152 1232 usucapionem
1192 1159 1286 1223 iis,
1323 1159 1421 1230 qui

171 1259 220 1300 ex
244 1243 360 1314 justa
395 1257 566 1296 caussa
595 1241 738 1295 bona
765 1239 870 1294 fide
896 1255 1011 1294 rem
1039 1239 1183 1294 nacti
1222 1253 1318 1310 per
1337 1237 1424 1309 ju-

173 1329 280 1377 stum
303 1329 488 1389 tempus
527 1317 874 1390 possederint.
914 1316 1043 1372 Inse.
1081 1317 1144 1372 de
1183 1333 1326 1372 usuc.
1364 1319 1424 1371 in

166 1415 232 1470 pr.
261 1399 306 1456 Is
335 1405 500 1454 autem
542 1397 686 1452 bona
725 1395 832 1450 fide
857 1393 1117 1465 possidet,
1140 1395 1238 1466 qui
1263 1401 1316 1449 et
1338 1394 1426 1466 ju-

167 1483 272 1532 stam
299 1493 513 1533 caussam
555 1474 768 1546 putavit
806 1489 938 1537 esse,
979 1485 1100 1542 quae
1137 1471 1428 1544 praecessit,

167 1563 204 1610 et
233 1571 336 1612 eum
371 1571 468 1612 esse
503 1553 793 1609 dominum
813 1591 827 1614 ,
849 1567 880 1606 a
907 1567 1018 1622 quo
1054 1549 1343 1624 acceperit,
1367 1551 1427 1606 id

165 1641 222 1688 eit
241 1633 320 1704 qui
342 1643 390 1689 et
413 1633 562 1689 illam
607 1630 861 1702 injustam
889 1644 1130 1686 caussam
1147 1671 1161 1693 ‚
1197 1639 1252 1685 et
1275 1628 1424 1684 bunc

166 1709 396 1767 dominum
433 1727 541 1765 uon
585 1726 694 1766 csse
732 1706 999 1778 ignoravit
1040 1707 1102 1763 L.
1141 1707 1314 1770 bono,
1357 1707 1423 1764 D.

57 1783 59 1788 ’
163 1791 210 1844 de
229 1791 346 1845 verb.
368 1793 497 1859 simi.
521 1787 726 1844 Omnia
745 1787 915 1858 igitur
939 1801 1006 1840 ex
1022 1787 1256 1858 eo,quod
1275 1785 1332 1840 in
1351 1784 1435 1841 his

56 1927 58 1932 ,
165 1867 230 1921 lex
275 1865 528 1923 scientiam
589 1865 775 1938 punit,
823 1864 1190 1934 ignorantiam
1217 1879 1436 1920 excusa-

165 1946 248 2000 tam
271 1945 428 2002 habet.
453 1945 525 2002 Ut
553 1943 630 2002 sit
667 1944 780 2000 haec
804 1943 917 2014 ipsa
944 1942 1216 1998 excusatio
1241 1959 1306 1998 cx
1345 1959 1432 2007 eo,

162 2024 360 2094 qmtllex
373 2040 487 2082 eam
513 2021 734 2080 inducit
759 2020 964 2086 verius,
990 2036 1157 2094 quam
1172 2019 1432 2076 admittit.

1246 2229 1450 2287 GAP.

1495 619 1707 676 rantes,
1746 620 1927 682 aperte
1966 611 2057 666 hic
2082 609 2400 681 ignorantiae
2431 612 2703 668 excusatio
2733 612 2833 668 tol-

1495 687 1675 751 laturz
1701 687 1785 745 sin
1812 689 2103 746 constituat
2133 695 2348 746 tantum
2378 691 2631 747 adversus
2658 689 2833 746 scien-

1495 773 1600 831 tes,
1624 765 1694 822 sit
1718 767 1943 838 quidem
1972 775 2218 823 excusata
2248 765 2556 837 ignorantia
2572 811 2586 834 ‚
2611 770 2700 824 sed
2730 769 2831 824 hoc

1495 851 1607 900 tam
1633 851 1841 902 eertum
1882 844 1952 900 sit
1995 863 2061 901 ex
2088 845 2267 902 verbis
2306 847 2469 917 legis,
2508 854 2571 902 ut
2614 863 2723 902 non
2763 845 2833 903 sit

1494 938 1701 980 neeesse
1726 921 1949 980 aliunde
1974 924 2277 996 requirere;
2304 925 2542 996 denique
2580 933 2691 980 tam
2720 942 2833 982 cer-

1497 1009 1650 1064 tum,
1676 1009 1738 1058 ut
1774 1015 1887 1057 non
1928 1003 1997 1058 sit
2044 1003 2435 1067 laborandum,
2472 1003 2759 1073 quoniam,
2783 1003 2829 1060 si

1498 1079 1806 1136 noverimus
1848 1082 2011 1136 verba
2053 1081 2187 1151 legis
2226 1081 2295 1136 ad
2340 1097 2554 1154 poenam
2591 1089 2831 1138 statuen-

1499 1159 1652 1222 dam,
1693 1159 1839 1228 quod
1880 1158 2031 1229 prius
2056 1167 2161 1215 est:
2188 1159 2307 1216 fieri
2348 1176 2457 1216 non
2488 1160 2665 1230 possit,
2689 1160 2829 1230 quin

1497 1236 1660 1292 simul
1690 1235 2027 1300 noverimus,
2063 1237 2317 1294 adversus
2344 1254 2479 1310 quos
2506 1237 2599 1293 illa
2628 1244 2829 1294 statua-

1501 1323 1622 1376 tur,
1656 1314 1878 1372 scientes
1896 1356 1910 1378 ,
1936 1333 2007 1371 an
2034 1316 2195 1371 etiam
2236 1319 2565 1386 ignorantes,
2605 1317 2673 1372 Et
2698 1326 2828 1373 oesct

1499 1409 1831 1464 supervacua
1869 1393 2124 1464 quaestio,
2162 1394 2205 1450 si
2238 1394 2297 1450 in
2342 1395 2406 1451 iis
2446 1393 2685 1464 legibus,
2708 1393 2831 1466 iqui-

1504 1472 1606 1528 bus
1658 1469 2004 1529 constituitur
2066 1472 2201 1544 quid
2254 1475 2508 1529 adversus
2567 1473 2790 1530 scientes
2816 1513 2831 1536 ,

1505 1549 1883 1620 ignorantibus
1933 1559 2113 1606 autem
2168 1549 2459 1614 tribuitur,
2509 1553 2828 1621 ignor-antio

1503 1629 1727 1684 verbnm
1771 1628 2101 1700 acciperetur
2124 1629 2472 1698 generaliter,
2510 1639 2569 1684 ut
2610 1645 2827 1684 omnem

1503 1705 1868 1778 ignorantiam
1908 1707 2222 1763 contineret.
2259 1707 2363 1763 Sed
2402 1707 2683 1763 sciendum
2721 1713 2828 1772 est,

1510 1800 1622 1840 non
1663 1799 1880 1840 omnem
1933 1783 2297 1856 ignorantiam
2340 1797 2651 1844 excusatam
2690 1801 2830 1850 me,

1511 1862 1676 1919 etiam
1700 1861 1760 1919 in
1787 1861 1872 1919 bis
1896 1862 2024 1936 ipsis
2049 1861 2273 1934 legibus.

1517 2229 1670 2286 xlx.

438 2415 668 2471 Summa
707 2412 852 2484 juris
886 2409 1160 2470 constituti
1201 2411 1271 2467 de
1305 2409 1444 2484 juris
1459 2452 1473 2475 ,
1513 2417 1564 2468 et
1605 2411 1733 2468 facti
1774 2409 2108 2484 ignorantia:
2146 2415 2197 2468 et
2235 2411 2369 2493 quid
2410 2413 2479 2470 sit

1189 2489 1386 2546 horum
1425 2496 1733 2564 utrumque.

58 2694 60 2707 .
160 2649 275 2705 raes
325 2652 638 2721 ignorantia
696 2650 806 2725 fere
868 2663 974 2703 non
1036 2657 1182 2705 nocet
1203 2666 1224 2703 .·
1277 2650 1428 2720 juris

155 2736 354 2862 lam
379 2728 510 2879 {iare
526 2847 543 2872 ,
581 2806 726 2878 quod
769 2807 956 2877 cuique
993 2804 1247 2861 tribuitur
1264 2846 1279 2871 ‚
1317 2807 1426 2861 duo

209 2890 436 2954 spectari:
471 2890 681 2957 ipsum,
719 2885 863 2955 quod
899 2883 1184 2949 tribuitur,
1219 2890 1274 2941 et
1307 2886 1426 2955 ejus

209 2964 442 3021 tribuendi
480 2976 724 3021 caussam.
763 2962 834 3017 11.
1218 2983 1226 2993 ⁸

58 3086 60 3095 .
156 3040 297 3095 Ceusoe
329 3050 448 3099 mm
481 3044 634 3117 facta
653 3083 667 3104 ,
697 3048 919 3111 propter
937 3054 1074 3113 quoi
1105 3043 1203 3113 jus
1241 3040 1434 3099 tribum.

211 3128 296 3175 tur.
333 3120 430 3177 111.

207 3353 242 3409 1.
273 3354 636 3427 Distinguitur
661 3355 984 3427 ignorantia.
1011 3356 1170 3421 Ilaec,
1195 3363 1256 3411 ut
1281 3358 1424 3423 dixi,

156 3430 315 3503 duplex
340 3442 440 3491 oet:
465 3435 626 3498 sacti,
649 3442 702 3491 et
725 3434 880 3506 juris.
912 3434 965 3490 d.
990 3436 1052 3491 L.
1082 3434 1130 3489 1.
1167 3437 1226 3491 in
1242 3452 1332 3505 pr.
1357 3436 1426 3491 D.

153 3510 199 3565 de
222 3516 325 3582 jur.
359 3522 408 3570 et
440 3517 572 3592 fact.
609 3516 724 3583 tyn.
763 3510 842 3571 De
879 3511 964 3568 his
999 3513 1076 3571 sic
1117 3513 1174 3567 in
1212 3514 1426 3570 univer-

153 3602 238 3643 sum
259 3592 512 3658 traditur,
537 3592 666 3647 facti
693 3590 1056 3661 ignorantiam
1073 3632 1086 3656 ,
1109 3600 1165 3647 et
1185 3608 1425 3648 errorem

153 3668 376 3735 pmdoese,
413 3687 510 3727 scu
551 3686 666 3729 nou
715 3684 937 3725 nocere:
970 3670 1110 3742 juris
1161 3685 1270 3725 non
1311 3686 1430 3741 pro-

153 3743 280 3813 ἀπ,
318 3758 369 3807 et
415 3765 636 3805 nocere.
674 3748 736 3804 L.
777 3762 960 3811 error,
1017 3748 1072 3805 L.
1111 3750 1319 3817 remila.
1361 3748 1430 3804 D.

155 3820 198 3877 de
220 3828 322 3894 jur.
357 3837 408 3883 et
443 3830 576 3903 fact.
610 3831 726 3897 tyn.
764 3824 975 3893 Quibus
1015 3826 1114 3883 hoc
1139 3825 1249 3881 dici
1277 3826 1436 3883 intel-

153 3896 342 3969 ligimus.
380 3906 522 3961 Cum
569 3904 873 3977 ignorantia
913 3920 1196 3975 nunquam
1235 3904 1427 3977 prosit,

157 3977 228 4034 nisi
255 3983 362 4055 lege
397 3983 780 4055 ignorantibus
819 3982 1153 4041 consulente:
1193 3982 1430 4055 plaeere,

157 4058 224 4113 etsi
255 4060 332 4118 lex
373 4062 758 4133 ignorantibus
796 4060 1120 4119 nominatim
1161 4061 1296 4135 quid
1331 4061 1432 4119 tri·

159 4132 249 4190 luat
260 4180 274 4203 ‚
284 4139 582 4198 scientibus
594 4141 844 4211 deneget,
859 4155 956 4195 nec
975 4137 1270 4211 distinguat
1283 4140 1434 4213 igno-

161 4216 374 4273 rantiam:
415 4228 604 4275 tamen
645 4218 703 4274 in
743 4235 804 4274 eo
839 4219 1008 4289 accipi
1051 4219 1242 4275 debere
1281 4220 1435 4291 igno-

161 4294 346 4351 tantiam
390 4296 552 4362 sacti,
587 4314 696 4353 non
731 4299 882 4370 juris.
921 4295 1164 4360 Placere,
1191 4297 1435 4369 inquam,

166 4370 266 4455 §flod
295 4374 677 4445 ignorantibus
717 4376 981 4432 tribuitur
1008 4417 1022 4440 ,
1063 4376 1127 4432 iis
1166 4376 1432 4432 tributum

165 4446 310 4516 videri,
330 4452 428 4525 qui
468 4450 678 4511 factum
717 4454 1046 4525 ignorarint,
1083 4462 1136 4510 et
1169 4472 1232 4511 eo
1258 4470 1436 4510 errore

165 4529 456 4589 minuerint
481 4532 619 4604 quid
635 4575 649 4597 ,
672 4540 768 4589 aut
801 4534 937 4606 quid
963 4532 1267 4597 omiserint,
1304 4533 1435 4605 quia

165 4596 242 4688 Fet
272 4608 576 4680 ignorantia
613 4628 724 4667 non
763 4620 972 4667 noceat:
999 4628 1084 4667 eos
1119 4621 1298 4668 autem
1333 4612 1431 4683 qui

161 4694 220 4745 11¹³
237 4684 557 4756 ignorarint,
583 4702 634 4746 et
647 4692 750 4747 hoc
775 4708 952 4747 errore
979 4692 1114 4764 quid
1139 4690 1435 4753 omiserint,

165 4754 238 4815 ht
255 4763 365 4833 iure
399 4782 514 4827 uon
551 4768 840 4835 contineri,
877 4769 970 4827 sed
1009 4786 1104 4843 pro
1143 4768 1434 4828 scientibus

1502 2648 1827 2721 anoranaa
1888 2650 2021 2723 faeti·
2073 2658 2151 2706 est
2199 2653 2453 2721 lquor-are
2469 2693 2483 2716 ‚
2526 2654 2679 2724 juris
2743 2652 2827 2707 sui

1580 2744 1771 2784 causas
1822 2730 2082 2784 extitisse:
2134 2730 2448 2801 ignorantia
2494 2732 2643 2799 juris
2696 2732 2827 2787 seire

1579 2822 1771 2863 causas
1801 2846 1815 2871 ,
1856 2809 1957 2877 jus
2014 2823 2140 2865 vcro
2190 2806 2291 2864 eibi
2355 2808 2611 2864 tribadum
2677 2811 2825 2878 iquo-

1503 2884 1901 3099 thgndiqlsgot
1934 2966 2077 3021 inter
2125 2964 2493 3035 ignorantiam
2510 3003 2527 3029 ‚
2580 2970 2631 3019 et
2684 2980 2827 3021 erro-

1586 3058 1718 3097 rem.
1799 3082 1814 3098 .

1499 3375 1607 3417 esse
1631 3358 1940 3422 habendos,
1964 3356 2112 3413 utin
2150 3372 2365 3428 poenam
2405 3357 2539 3430 legis
2576 3357 2829 3417 adversus

1499 3436 1725 3493 scientes
1750 3436 2097 3493 constitutam
2134 3434 2402 3502 incidant3
2441 3437 2572 3510 quia
2612 3438 2681 3493 ad
2725 3437 2828 3494 hoc

1498 3514 1640 3586 juris
1680 3512 1987 3585 ignorantia
2039 3520 2254 3578 noceat,
2310 3514 2379 3571 ad
2431 3514 2828 3573 excusationem

1503 3609 1673 3665 poenae
1702 3591 1843 3647 nihil
1872 3591 2051 3664 prosit.
2078 3592 2383 3664 Utrumque
2408 3604 2589 3651 tamen
2616 3594 2827 3651 dietum

1506 3670 1630 3727 'cum
1657 3670 1843 3742 aliqua
1874 3670 2204 3743 exceptione,
2230 3682 2293 3729 ut
2320 3690 2496 3747 neque
2521 3690 2727 3744 semper
2754 3673 2831 3729 fa·-

1507 3750 1576 3806 cti
1601 3748 1904 3820 ignorantia
1924 3751 2107 3821 prosit,
2121 3768 2297 3823 neque
2318 3752 2456 3823 juris
2481 3758 2684 3809 noceat.
2699 3750 2830 3819 Qui-

1509 3828 1611 3883 bus
1649 3828 1881 3898 regulis,
1921 3836 2085 3900 atque
2138 3830 2542 3902 exceptionibus
2579 3846 2706 3885 cum
2742 3832 2831 3901 jus

1510 3907 1576 3962 de
1601 3914 1833 3978 utroque
1876 3920 2066 3979 genere
2110 3908 2427 3978 ignorantioe
2464 3909 2830 3965 contineatur:

1508 4000 1633 4042 cum
1676 3986 1743 4041 de
1768 3985 1853 4040 his
1878 3987 2089 4051 dixero,
2130 3987 2196 4042 de
2221 3986 2345 4058 jure
2371 3986 2654 4057 utriusque
2682 3986 2833 4041 dixe-

1507 4076 1598 4129 ro,
1638 4079 1855 4134 unaque
1893 4073 1946 4120 et
1973 4065 2193 4135 quaestio
2220 4064 2287 4120 de
2316 4063 2654 4119 excusatione
2682 4063 2833 4134 igno-

1511 4142 1703 4199 rantiae
1726 4142 1829 4197 erit
1854 4143 2104 4213 exposita.
2132 4142 2220 4197 Sic
2244 4142 2393 4198 enim
2432 4142 2829 4213 intelligemus,

1511 4237 1633 4294 quae
1659 4220 1996 4291 ignorantia,
2040 4219 2135 4276 ubi
2178 4225 2425 4277 excusata
2452 4220 2542 4284 sit,
2572 4236 2695 4292 quae
2722 4236 2832 4277 non

1512 4300 1607 4363 sit,
1644 4299 1712 4353 de
1749 4315 1858 4370 quo
1887 4298 2196 4371 quaerimus.
2220 4296 2291 4353 Et
2315 4296 2575 4368 quoniam
2613 4314 2720 4354 non
2751 4314 2834 4354 eo-

1512 4378 1635 4435 dem
1655 4376 1777 4446 iure
1802 4384 2101 4450 utrumque
2126 4376 2384 4435 habetur:
2410 4377 2587 4432 dicam
2626 4392 2835 4448 separa-

1513 4458 1610 4513 tim
1638 4455 1705 4509 de
1747 4462 1995 4526 utroque,
2039 4464 2095 4509 ut
2136 4470 2225 4509 res
2268 4455 2535 4526 postulat,
2574 4454 2617 4511 si
2658 4457 2835 4528 prius,

1512 4534 1647 4609 quid
1675 4534 1743 4589 sit
1768 4540 2060 4604 utrumque
2086 4531 2345 4589 indicaro.

1587 4614 1658 4669 11:
1699 4613 1764 4667 ln
1802 4610 1951 4667 omni
1989 4612 2137 4683 jure,
2184 4626 2297 4681 quo
2348 4612 2483 4685 quid
2535 4613 2831 4681 tribuitur,

1511 4692 1620 4748 duo
1645 4692 1857 4748 insunt:
1896 4688 2103 4763 ipsum.
2129 4690 2277 4761 quod
2320 4691 2602 4757 tribuitur,
2642 4702 2695 4748 et
2741 4692 2836 4749 tri-

1511 4768 1715 4841 buendi
1754 4786 1951 4827 caussa.
2002 4768 2157 4826 Nihil
2210 4769 2357 4827 enim
2409 4772 2675 4829 tribuitur
2712 4772 2836 4843 jure
