3327 5214
597 245 616 260 κ
1239 262 1253 276 .
1291 249 1296 252 -
1325 219 1352 279 ὁ
1506 215 1525 229 ”
2743 236 2754 245 ’
2784 227 2921 289 xm

221 363 386 436 qaae
422 359 538 436 qu,
599 338 834 432 plura
871 349 1052 406 sunt
1077 337 1476 433 proposita
1502 331 1604 406 ad
1637 331 2227 431 explicandum,
2250 355 2331 404 eo
2367 339 2613 431 magis
2646 357 2917 431 corpus

221 447 444 535 ipsum
495 356 872 508 fibellum
921 455 1012 506 ac
1065 431 1544 507 distrahunt.
1590 429 1723 505 Ita
1756 431 1869 526 fit
1898 484 1921 521 ‚
1968 449 2095 519 ut,
2144 436 2211 504 si
2262 431 2463 505 nihil
2514 440 2920 533 quaeritur

222 535 416 610 aliud
430 587 452 624 ,
479 559 870 634 nunquam
887 549 1146 606 totum
1171 556 1442 632 corpus
1459 538 1620 620 ,uti
1641 546 1763 604 est
1780 584 1802 621 ,
1826 557 1871 602 a
1910 531 2119 603 nobis
2150 538 2363 604 cerni
2390 539 2652 631 possit.
2678 535 2922 632 Aequi

219 659 332 706 nos
365 650 610 708 totum
648 641 1088 735 quaerimus
1104 654 1300 723 ,non
1337 648 1595 706 certas
1629 636 1945 732 aliquas
1963 649 2263 729 partes:
2286 655 2745 730 quamquam
2784 659 2917 706 nec

211 751 460 832 partes
479 787 501 820 ,
534 750 912 833 quatenus
962 737 1160 815 tales
1213 747 1432 823 sunt,
1483 727 1646 805 sine
1699 747 1856 805 toto
1876 729 2143 830 facile
2192 738 2539 828 cognosci
2580 751 2920 830 possunt.

217 833 426 928 Quod
460 838 529 906 si
563 831 658 906 de
693 849 848 907 toto
868 835 1091 934 jure,
1125 855 1218 906 ac
1250 857 1400 931 non
1433 830 1529 905 de
1555 847 1785 931 parte
1817 836 2121 929 aliqua,
2156 847 2296 905 aut
2346 838 2577 904 certis
2627 829 2923 931 quibus:

215 935 378 1006 dam
429 933 926 1030 cogitandum
975 949 1138 1023 est,
1188 949 1278 1008 ut
1323 947 1527 1006 certe
1577 933 2075 1030 cogitandum
2122 946 2238 1004 est
2266 982 2288 1021 ,
2338 937 2519 1033 quia
2570 949 2647 1004 et
2698 933 2791 1006 de
2840 959 2925 1006 eo

218 1038 642 1132 quaeritur:
697 1037 916 1106 tuella
963 1056 1122 1108 esse
1163 1048 1414 1132 potest
1464 1034 1628 1135 ejus
1680 1031 2043 1106 tradendi
2093 1037 2297 1105 ratio
2346 1037 2647 1120 melior,
2696 1058 2925 1131 quam

223 1159 391 1234 quae
445 1138 850 1207 veritatem
898 1157 1152 1207 eorum
1182 1186 1205 1223 ,
1256 1157 1452 1234 quae
1503 1132 1627 1206 hic
1692 1136 1991 1206 tradita
2044 1147 2227 1206 sunt
2252 1185 2276 1222 ,
2329 1139 2662 1206 retinens
2690 1185 2713 1221 ‚
2764 1140 2925 1207 illis

219 1232 689 1308 incommodis
742 1233 1142 1306 medeatur
1166 1285 1189 1322 ‚
1221 1257 1416 1333 quae
1469 1239 1691 1306 initio
1724 1233 2110 1322 diximus,
2146 1239 2645 1306 immensitati
2671 1257 2925 1306 rerum

218 1359 292 1408 ac
329 1339 850 1430 negotiorum,
870 1331 1256 1433 dequibus
1281 1333 1410 1406 hic
1443 1339 1741 1430 agitur,
1762 1349 1923 1406 tum
1958 1357 2215 1406 rerum
2249 1334 2723 1408 traditarum
2758 1358 2930 1408 con-

199 1430 490 1531 fitsioni
541 1447 615 1507 et
631 1437 1144 1533 perplexitati
1161 1461 1193 1522 ;
1227 1439 1540 1534 quaein
1571 1457 1861 1506 summa
1901 1432 2037 1506 hoc
2080 1448 2463 1530 praestet,
2497 1450 2585 1507 ut
2600 1432 2929 1525 finitum

204 1537 324 1632 jus
379 1539 528 1622 sit,
575 1537 802 1634 quale
851 1557 1010 1608 esse
1049 1557 1266 1634 posse
1309 1549 1384 1610 et
1438 1533 1701 1610 debere
1736 1530 2114 1606 Neratius
2160 1537 2471 1630 scripsit
2506 1535 2586 1603 L.
2624 1559 2687 1604 2.
2722 1535 2805 1604 D.
2840 1535 2931 1606 de

217 1639 338 1736 jur.
375 1648 458 1706 et
497 1631 668 1704 fact.
706 1635 856 1727 ign.
890 1649 1003 1722 et,
1036 1633 1242 1733 quod
1276 1637 1440 1708 sine
1473 1634 1751 1707 damno
1788 1659 2041 1708 rerum
2082 1639 2420 1728 ipsarum
2437 1633 2637 1728 fiat,
2669 1633 2932 1706 ordine

215 1753 277 1808 et
305 1740 436 1808 oia
471 1757 702 1828 quam
713 1729 1114 1832 facillime
1163 1750 1238 1806 et
1271 1739 1636 1806 citissime
1680 1734 2015 1806 deducat
2046 1731 2154 1804 ad
2188 1747 2487 1805 metam.
2521 1731 2736 1806 Haec
2788 1740 2929 1808 illa

213 1850 312 1910 est
360 1857 504 1910 ars
537 1837 790 1935 juris,
835 1857 1032 1932 quae
1081 1847 1472 1933 tantopere
1519 1840 1924 1932 expetitur
1980 1830 2077 1905 ab
2131 1829 2504 1923 omnibus,
2547 1835 2681 1906 sed
2736 1859 2937 1936 quae

209 1934 346 2008 diu
367 1938 732 2034 quaesita
764 1957 998 2034 asque
1030 1933 1286 2007 adhuc
1307 1937 1476 2036 juri
1509 1939 1722 2006 civili
1757 1931 2033 2034 defuit.
2056 1929 2165 2006 Et
2192 1957 2363 2006 vero
2394 1933 2761 2035 ejusmodi
2778 1953 2933 2024 est,

209 2059 434 2134 quam
433 2030 780 2132 facilius
816 2041 916 2108 sit
951 2049 1215 2134 optare
1240 2087 1262 2122 ,
1285 2057 1514 2132 quam
1553 2041 1922 2132 consequi.
1948 2033 2055 2106 Et
2080 2039 2146 2105 si
2184 2049 2439 2107 autem
2458 2059 2606 2106 non
2626 2050 2935 2110 tantum

210 2134 396 2208 mihi
435 2157 756 2232 arrogo,
787 2151 876 2208 ut
913 2137 1154 2206 solum
1187 2159 1300 2208 me
1337 2141 1703 2208 invenisse
1730 2151 1995 2234 putem
2018 2188 2035 2221 ,
2062 2133 2262 2234 quod
2296 2149 2455 2206 tam
2490 2141 2719 2209 multi
2754 2154 2934 2210 ante

212 2259 354 2309 non
399 2249 869 2334 potuerunt.-
918 2247 1174 2308 tamen
1203 2231 1572 2334 fatebor,
1597 2258 1712 2309 me
1729 2283 1751 2323 ‚
1786 2251 1875 2308 ut
1926 2234 2229 2336 aliquid
2277 2239 2361 2306 in
2410 2257 2493 2305 eo
2533 2252 2937 2334 praestare

203 2357 528 2432 possem,
547 2335 718 2435 jam
753 2333 933 2407 inde
967 2332 1061 2408 ab
1096 2339 1320 2408 initio
1349 2357 1524 2408 cum
1558 2341 1644 2408 in
1676 2341 2019 2412 universo
2036 2338 2221 2436 jure
2242 2387 2265 2423 ‚
2300 2350 2465 2408 tum
2496 2340 2581 2407 in
2613 2341 2939 2430 singulis

204 2433 566 2532 partibus
618 2438 944 2508 multum
998 2434 1564 2537 diligenterque
1623 2433 2047 2510 elaborasse
2073 2489 2095 2524 ,
2155 2441 2282 2508 cui
2353 2459 2643 2532 semper
2696 2439 2942 2510 'curae

191 2533 366 2634 suit
391 2587 420 2627 ,
471 2557 996 2635 quaecumque
1044 2533 1234 2609 mihi
1274 2550 1878 2635 proponerentur
1914 2533 2217 2636 publice
2266 2533 2371 2611 ad
2429 2540 2944 2630 interpretan-

216 2636 392 2710 dum
408 2690 434 2726 ,
485 2652 568 2710 et
617 2658 1158 2736 quemcumque
1208 2641 1460 2732 legum
1513 2638 2101 2711 tractandarum
2154 2635 2491 2711 ordinem
2542 2661 2896 2738 sequerer
2924 2690 2946 2727 ‚

219 2742 469 2811 omnia
509 2740 920 2814 rationem
956 2742 1116 2819 via,
1149 2736 1556 2837 eademque
1596 2744 1907 2837 proprie
1956 2756 2033 2813 et
2066 2736 2420 2813 dilucide
2455 2763 2503 2807 a
2542 2762 2657 2811 me
2692 2741 2949 2813 trade·

219 2853 532 2924 matur,
567 2851 1287 2936 accerserentur-que
1337 2861 1444 2909 ex
1492 2836 1616 2911 his
1650 2844 1941 2911 caussis
1974 2854 2051 2911 et
2076 2841 2488 2939 principiis
2508 2890 2533 2927 ‚
2564 2838 2765 2911 unde
2816 2863 2950 2911 na·

217 2952 588 3025 mutatur,
639 2959 786 3037 quo
836 2936 1260 3036 quaerendi
1310 2944 1652 3029 occasio,
1694 2956 1769 3013 et
1809 2964 1955 3037 per
2002 2938 2204 3011 hanc
2240 2942 2469 3010 series
2506 2954 2736 3037 atque
2768 2962 2975 3011 usus-

219 3058 484 3108 rerum
519 3040 1112 3134 intelligeretur.
1135 3032 1236 3106 In
1259 3060 1408 3137 quo
1432 3061 1600 3110 cum
1626 3044 1901 3135 longus
1924 3063 2107 3113 usus
2128 3056 2205 3113 et
2242 3038 2569 3135 diligens
2602 3061 2692 3110 ac
2718 3062 2955 3139 prope

219 3134 546 3209 assidua
579 3135 978 3210 meditatio
1011 3158 1124 3209 me
1159 3136 1834 3237 aliquidclocuerit
1858 3190 1881 3228 ,
1904 3155 2137 3241 atque
2158 3136 2345 3213 adeo
2378 3138 2733 3213 videatur
2766 3138 2955 3211 mihi

217 3234 670 3311 exstudisse
717 3235 838 3327 id,
887 3236 1087 3335 quod
1135 3241 1240 3311 sit
1289 3236 1395 3311 ad
1440 3262 1612 3313 eam
1666 3264 1823 3311 rem
1871 3266 2019 3311 non
2066 3246 2445 3337 ineptum.-
2494 3239 2676 3311 dum
2734 3244 2817 3311 in
2864 3264 2955 3313 ea

223 3338 558 3410 statione
585 3388 608 3423 ,
664 3360 896 3437 quam
961 3334 1160 3412 mihi.
1208 3336 1418 3411 Deus
1479 3339 1843 3413 attribuit
1871 3392 1894 3430 ‚
1952 3340 2223 3413 studeo
2278 3362 2509 3437 opera
2558 3362 2721 3413 mea
2781 3366 2961 3441 pro-

226 3436 446 3509 desse
495 3460 730 3536 quam
785 3440 1145 3536 plurimis
1167 3490 1192 3525 ,
1248 3445 1544 3539 suscepi
1594 3438 1924 3513 laborem
1977 3437 2396 3513 hominibus
2462 3445 2746 3513 nostris
2814 3467 2963 3514 non

229 3542 687 3635 ingratum,
728 3551 820 3609 ut
875 3560 982 3609 ea·
1031 3558 1118 3608 ea
1160 3544 1506 3631 ratione,
1548 3563 1781 3640 quam
1832 3564 1947 3612 me
1978 3541 2191 3615 Deus
2224 3540 2643 3629 docuisset,
2674 3540 2769 3619 de
2803 3558 2963 3616 toto

217 3640 410 3736 jure
448 3635 874 3721 scriberem.
1866 3678 1883 3709 ·.
1918 3651 1927 3659 '

493 3732 599 3809 Id
629 3760 812 3835 opu-5
847 3754 997 3827 est,
1023 3742 1473 3837 amplissimi
1497 3742 1844 3831 Domini,
1868 3744 2085 3843 cujus
2111 3742 2339 3815 initia
2379 3748 2711 3843 quinque
2746 3741 2996 3817 libris·

234 3836 772 3937 comprehensa
811 3834 936 3911 hic
967 3838 1278 3913 videtis:
1315 3846 1638 3941 reliquis
1674 3844 2007 3943 ejusdem
2043 3848 2288 3941 operis
2322 3848 2435 3914 ita
2463 3850 2809 3942 paratis,
2840 3861 2969 3933 ut,

234 3942 604 4033 quoniam
664 3942 892 4010 simul
947 3961 1202 4011 omnes
1253 3940 1378 4013 edi
1429 3966 1576 4013 non
1619 3962 1983 4042 possunt,
2040 3942 2386 4041 deinceps
2408 3996 2425 4029 ,
2480 3946 2641 4017 Deo
2684 3945 2921 4017 dante
2948 3998 2970 4035 ,
3015 3942 3049 4029 ’,

231 4043 692 4134 opportunis
725 4042 1156 4115 intervallis
1189 4064 1324 4113 suo
1355 4047 1634 4142 quique
1683 4044 1943 4117 ordine
1995 4060 2437 4143 sequantur.
2471 4046 2678 4143 Opus
2728 4051 2971 4142 ipsum

233 4141 350 4209 ita
389 4136 568 4211 Deo
585 4162 734 4235 pro
767 4162 908 4213 sua
933 4140 1410 4237 providentia
1462 4160 1726 4240 regere
1760 4136 1997 4217 visum
2032 4160 2145 4218 est
2169 4197 2191 4234 ,
2226 4160 2314 4217 ut
2363 4145 2571 4244 apud
2617 4168 2739 4217 vos
2770 4161 2846 4218 et
2892 4152 2975 4217 in

233 4236 686 4312 Academia
725 4256 972 4313 vestra
1026 4257 1512 4315 nasceretur:
1537 4259 1945 4344 postquam
1996 4250 2129 4317 ille
2180 4244 2305 4318 hic
2360 4269 2651 4345 quoque
2701 4268 2817 4317 me
2867 4264 2979 4318 oe-

235 4353 498 4413 strum
535 4362 698 4417 esse
732 4344 982 4414 voluit.
1022 4337 1107 4413 Si
1143 4340 1356 4417 labor
1407 4348 1853 4419 instituitur
1887 4343 2387 4443 reipublicae,
2418 4363 2515 4419 ut
2543 4367 2793 4443 spero,
2828 4370 2979 4417 non

236 4442 556 4514 inutilis
569 4466 602 4529 ,-
639 4444 706 4511 si
745 4438 926 4515 haec
969 4463 1114 4538 pro
1167 4460 1491 4541 tempore
1525 4468 1749 4543 opera
1784 4462 2119 4517 navatur
2160 4451 2635 4543 potissimum
2688 4445 2982 4521 Acade-

235 4546 442 4615 miae
479 4555 806 4631 vestrae‚
826 4554 902 4614 et
927 4543 1119 4615 vobis
1135 4571 1158 4612 .·
1181 4542 1470 4617 audebo
1473 4560 1735 4642 petere
1762 4544 1854 4617 ab
1874 4545 2379 4642 amplitudine
2406 4563 2683 4635 vestra,
2718 4564 2807 4620 ut
2828 4572 2980 4649 qua

238 4636 792 4731 benevolentia,
805 4656 878 4717 et
900 4641 1381 4719 humanitate
1400 4643 1601 4717 domi
1605 4670 1787 4717 num
1812 4651 2057 4743 ipsum
2070 4670 2309 4746 usque
2331 4646 2435 4719 ad
2438 4645 2585 4721 huc
2602 4653 2984 4746 prosecuti

235 4747 424 4813 estis
449 4741 877 4839 (prosecuti
901 4760 1152 4821 autem
1177 4750 1360 4823 estis
1387 4750 1753 4821 maximis
1776 4752 2071 4822 meritis
2096 4752 2363 4837 vestris
2388 4774 2675 4823 summa
2704 4766 2778 4823 et
2793 4772 2987 4847 pene
