3327 5214
468 281 572 338 mel
599 277 1023 350 quadriennium
1061 275 1332 348 indulget,
1371 293 1434 334 ea
1473 290 1681 346 semper
1722 274 1777 331 id

468 360 741 441 indulget,
779 357 868 412 sed
905 367 1030 412 ante
1066 354 1494 426 quadriennium
1533 354 1593 410 in
1636 353 1779 410 futu-

468 453 620 494 rum:
645 443 759 508 post
778 433 1202 506 quadriennium
1227 434 1287 488 in
1313 432 1662 506 preteritum.

545 517 615 570 V.
653 515 736 570 Ex
761 511 1210 584 consequentibus
1232 513 1479 568 voluntas
1511 509 1642 582 legis
1669 509 1779 580 ple-

469 595 616 659 nior,
641 608 808 664 quam
845 591 1101 662 scriptum
1128 590 1402 660 arguitur,
1439 605 1565 645 cum
1591 591 1679 644 lex
1721 587 1776 641 id

469 681 634 738 verm,
659 671 806 743 quod
821 711 834 736 ,
857 667 1136 740 aliquibus
1159 668 1364 738 positis,
1379 667 1638 739 sequitur.
1659 664 1777 723 Etsi

465 751 612 806 enim
639 751 706 804 de
730 746 1166 804 antecedentibus
1201 745 1342 802 nihil
1382 743 1663 815 exprimit:
1704 753 1782 799 ta·-

467 845 593 884 men
608 871 622 893 ,
635 824 982 896 consequenti
999 823 1288 896 prohibito,
1303 823 1630 894 intelligitur
1643 821 1782 877 velle

464 907 650 963 omnia
677 904 968 977 prohiberi.
997 919 1064 958 ex
1098 901 1304 973 quibus
1344 901 1483 957 illud
1522 899 1783 971 sequitur.

465 986 596 1041 Ideo
623 985 762 1040 hanc
785 982 1100 1040 sententiam
1125 979 1430 1051 sequimur,
1465 979 1775 1050 placetque,

467 1073 762 1134 utrumque
800 1063 915 1132 lege
955 1058 1155 1132 pariter
1195 1057 1498 1130 prohiberi,
1535 1067 1590 1113 et
1625 1057 1775 1129 quod

465 1142 786 1211 prohibetur
809 1137 1159 1201 nominatim,
1183 1147 1238 1192 et
1259 1136 1644 1210 quodcumque
1682 1146 1775 1200 est,

464 1236 558 1290 per
583 1219 730 1291 quod
755 1218 825 1274 ad
843 1217 981 1272 illud
997 1214 1320 1288 pervenitur.
1335 1214 1510 1276 Prius,
1535 1213 1667 1284 quia
1682 1214 1771 1268 lex

463 1307 643 1368 aperte
669 1295 832 1353 vetuit
846 1314 860 1356 ς
873 1294 1156 1368 posterius,
1169 1291 1302 1363 quia
1319 1291 1438 1348 fieri
1455 1291 1646 1348 noluit.
1661 1290 1774 1348 Un-

462 1377 530 1432 de
555 1386 608 1433 et
633 1375 772 1431 illud
799 1373 1176 1434 constitutum,
1205 1387 1332 1426 cum
1367 1369 1506 1441 quid
1532 1371 1622 1426 lex
1656 1385 1781 1441 pro·

461 1453 638 1518 hibet,
663 1453 1000 1509 eommittere
1029 1451 1090 1507 in
1117 1451 1292 1519 legem
1319 1447 1490 1504 videri
1517 1463 1642 1504 eum
1670 1465 1780 1506 non

461 1539 702 1598 tantum,
741 1531 840 1602 qui
879 1540 1064 1586 contra
1115 1528 1278 1584 verba
1321 1523 1452 1597 legis
1491 1525 1646 1592 facit,
1682 1527 1775 1582 sed

459 1610 622 1666 etiam
649 1609 748 1682 qui
772 1609 934 1666 verba
973 1608 1106 1678 legis
1143 1607 1424 1676 amplexus
1461 1614 1647 1661 eontra
1690 1620 1777 1662 vo-

459 1687 750 1752 luntatem,
791 1695 842 1744 et
878 1687 1196 1744 sententiam
1237 1683 1371 1754 legis
1407 1683 1618 1740 nititur.
1653 1683 1776 1740 Sut-

457 1766 616 1822 ficere
630 1765 916 1838 legislatori
943 1761 1309 1837 prohibuisse,
1333 1762 1484 1832 quod
1509 1777 1620 1818 non
1637 1762 1767 1818 vult:

457 1853 671 1910 caetera,
709 1844 865 1916 quasi
905 1859 1146 1914 expressa
1165 1882 1179 1904 ,
1219 1855 1286 1894 ex
1326 1840 1599 1897 voluntate
1635 1839 1771 1908 legis

455 1921 616 1978 licere
639 1923 905 1992 colligere.
933 1921 994 1976 L.
1030 1937 1140 1975 mm
1163 1919 1386 1975 dubium
1401 1957 1417 1981 ,
1442 1919 1500 1988 G.
1522 1919 1586 1975 de
1610 1917 1769 1987 legib.

455 2000 631 2070 quue
667 2001 844 2071 ipsum
897 2007 1000 2063 est,
1035 1998 1186 2070 qnod
1236 1995 1363 2052 aliis
1401 1995 1580 2053 verbis
1617 1995 1762 2066 apud

453 2085 652 2134 veteres
687 2078 843 2135 toties
867 2077 1068 2149 pariter
1107 2074 1404 2148 improbari
1441 2074 1674 2144 legimus
1708 2080 1764 2131 et

451 2171 575 2225 quae
599 2158 741 2214 fiunt
763 2163 950 2213 eontra
974 2157 1174 2226 legem,
1199 2161 1252 2210 et
1274 2169 1396 2224 quae
1435 2151 1508 2227 (2)
1534 2153 1594 2209 in
1620 2150 1767 2207 fran-

449 2235 576 2290 dem
613 2235 770 2307 legis,
797 2242 858 2290 ut
879 2234 1118 2306 subjecta
1143 2232 1352 2303 aliquot
1385 2231 1632 2302 exempla
1674 2229 1758 2285 in-

448 2313 727 2370 dicabunt.
765 2315 850 2370 Ex
885 2329 995 2384 quo
1032 2319 1110 2368 est
1133 2311 1332 2368 borum
1354 2309 1643 2366 verborum
1668 2310 1760 2365 de-

448 2391 625 2448 linitio
663 2392 723 2448 in
769 2393 829 2448 L.
865 2399 1082 2454 omiti-a,
1117 2397 1172 2446 et
1211 2387 1272 2443 L.
1306 2388 1496 2462 fram,
1531 2393 1760 2458 sequent.

449 2471 518 2526 D.
555 2471 618 2527 de
655 2471 813 2542 leyib.
849 2477 909 2524 ut
945 2468 1016 2526 sit
1053 2479 1239 2524 eontra
1277 2465 1451 2536 legem
1489 2465 1546 2522 id
1589 2465 1761 2522 faeere

445 2565 554 2604 non
593 2551 770 2606 solum
807 2547 956 2620 quod
996 2549 1086 2604 lex
1121 2562 1234 2602 non
1279 2544 1426 2610 vult,
1463 2545 1556 2600 sed
1593 2542 1759 2600 etiam

443 2628 591 2699 quod
645 2627 1001 2689 nominatim,
1044 2632 1103 2683 et
1149 2623 1326 2681 verbis
1381 2622 1660 2697 prohibet:
1703 2622 1761 2680 in

445 2706 694 2761 fraudem
733 2714 914 2761 autem
927 2746 944 2770 ,
981 2720 1138 2770 cum,
1191 2702 1354 2760 salvis
1393 2700 1572 2758 verbis
1609 2702 1760 2773 legis,

441 2786 704 2844 sententia
728 2786 848 2857 ejus
868 2782 1292 2839 circumvenitur
1311 2820 1326 2844 ‚
1343 2779 1399 2836 id
1413 2786 1491 2837 est
1511 2796 1637 2837 eum
1654 2796 1764 2837 non

445 2862 507 2918 lit
527 2905 540 2927 ,
567 2865 717 2933 quod
743 2864 831 2919 lex
857 2872 1040 2934 aperte
1063 2858 1338 2932 prohibet,
1365 2857 1422 2914 in
1449 2874 1558 2930 quo
1595 2860 1759 2915 verba

441 2953 855 2999 conservantur:
891 2940 986 2997 sed
1025 2940 1114 3004 fit,
1135 2937 1285 3011 quod
1310 2938 1401 2993 lex
1440 2936 1558 2993 fieri
1584 2938 1760 2994 noluit

439 3019 500 3075 in
527 3036 636 3091 quo
659 3030 737 3079 est
772 3018 1064 3084 sententia,
1101 3028 1155 3075 et
1187 3016 1432 3073 voluntas
1457 3014 1602 3086 legis.
1627 3014 1761 3081 Quae

440 3098 562 3155 ideo
599 3101 701 3157 hoc
745 3099 884 3156 facto
923 3092 1307 3153 circumveniri
1331 3094 1533 3151 dicitur
1548 3132 1563 3159 ,
1611 3094 1760 3164 quod

439 3178 537 3247 qui
580 3178 636 3235 id
678 3178 839 3244 facit,
877 3175 1152 3234 sententiae
1201 3174 1504 3245 imponere,
1541 3178 1594 3229 et
1631 3172 1759 3228 illu-

441 3257 570 3311 dere
595 3256 732 3313 velle
757 3256 996 3320 videtur,
1021 3254 1156 3310 dum
1181 3251 1360 3309 verbis
1391 3249 1761 3308 fraudulenter

441 3336 683 3403 parendo
707 3334 958 3399 simulat,
995 3350 1050 3390 se
1088 3330 1197 3402 legi
1236 3346 1450 3403 parere,
1475 3328 1531 3385 id
1569 3336 1646 3385 est
1682 3329 1760 3395 ei,

438 3411 594 3481 quod
619 3412 707 3467 lex
735 3411 930 3477 voluit,
953 3419 1008 3467 et
1033 3411 1135 3467 hoc
1171 3419 1432 3482 praetextu
1454 3424 1508 3463 se
1547 3415 1759 3475 tiletum

439 3505 570 3546 cum
599 3500 781 3547 tamen
821 3506 880 3545 re
917 3489 1034 3561 ipsa
1073 3488 1310 3546 maxime
1347 3488 1599 3545 adversus
1635 3503 1757 3544 eam

435 3566 758 3625 sententiam
785 3567 972 3634 saciat,
1009 3576 1074 3625 ut
1109 3568 1210 3622 hoe
1244 3565 1504 3639 explicari
1542 3564 1759 3622 videtur

438 3646 497 3701 in
537 3648 590 3702 ἀ.
629 3647 692 3702 L.
729 3662 838 3701 non
874 3646 1109 3703 dubium.
1147 3642 1250 3701 Sed
1279 3643 1340 3700 in
1377 3643 1464 3701 his
1499 3642 1759 3719 omnibus

437 3724 682 3781 dubitari
705 3725 887 3780 adhue
913 3732 1098 3795 potest,
1129 3721 1268 3793 quid
1293 3722 1362 3779 sit
1399 3720 1564 3785 illud,
1605 3724 1752 3794 quod

438 3804 536 3859 fiat
559 3804 811 3859 adversus
833 3801 1152 3859 sententiam
1187 3798 1345 3871 legis,
1370 3800 1528 3856 salvis
1553 3802 1755 3863 verbis:

365 3876 372 3898 ¹
435 3882 492 3939 id
533 3882 679 3953 quod
720 3884 808 3937 lex
847 3881 1024 3937 verbis
1063 3897 1176 3936 non
1201 3877 1506 3951 prohibuit,
1531 3880 1651 3935 fieri
1676 3886 1753 3935 ta-

433 3977 562 4017 men
588 3960 784 4017 noluit.
812 3960 928 4016 Hoc
957 3959 1098 4015 illud
1125 3968 1230 4019 est,
1253 3957 1398 4027 quod
1423 3972 1584 4030 supra
1613 3957 1751 4024 dixi,

433 4054 590 4104 cum,
628 4056 741 4097 uno
765 4038 950 4109 aliquo
976 4038 1154 4095 verbis
1179 4034 1478 4109 prohibito,
1503 4036 1648 4092 fiunt
1672 4036 1751 4092 in-

434 4117 726 4184 termedia,
751 4118 953 4188 quibus
977 4116 1185 4189 positis,
1220 4114 1291 4171 ad
1327 4114 1466 4170 illud
1507 4114 1747 4186 perveni-

433 4202 542 4251 tur.
583 4196 714 4251 Haec
751 4196 941 4252 merito
992 4196 1191 4267 pariter
1243 4193 1625 4264 prohibentur,
1663 4191 1745 4249 di·-

433 4282 742 4345 cunturque
767 4273 966 4347 pariter
991 4275 1106 4333 lieri
1133 4274 1384 4330 adversus
1421 4270 1747 4330 sententiam

499 4425 576 4491 (a)
611 4421 755 4495 Quas
777 4429 1299 4499 circumscriptiones
1333 4432 1526 4480 vocant
1557 4423 1753 4475 Rhetoo

439 4504 545 4547 ¹⁴⁰⁵»
578 4489 643 4539 ‘10
679 4507 780 4555 quo
805 4492 918 4543 vid.
951 4490 1130 4558 Cujac.
1173 4492 1250 4543 ¹3.
1279 4494 1399 4545 Obs.
1419 4490 1501 4556 ²4·
1535 4489 1754 4541 Fraudis

441 4551 592 4616 hujus
633 4560 857 4620 quatuor
917 4557 1092 4605 modos
1146 4574 1208 4607 ex
1267 4556 1522 4607 Accersio
1577 4558 1749 4607 refert

439 4612 637 4668 Muret.
677 4621 752 4670 ud
801 4622 860 4673 d·
899 4624 958 4673 L·
993 4623 1074 4673 30.
1131 4626 1177 4672 ι’
1211 4620 1634 4673 commutatione

439 4688 672 4759 rum-,ut
717 4685 759 4732 si
795 4686 912 4751 quis
947 4686 1289 4737 filiofamilias
1335 4704 1439 4738 non
1492 4702 1750 4748 nummos,

440 4747 530 4796 scd
566 4748 892 4802 trumentum
919 4760 1096 4805 mutuo
1128 4753 1235 4805 det:
1258 4751 1316 4804 2⁰
1339 4750 1753 4809 commutatione

1285 171 1602 230 HUGONIS
1642 171 1957 229 DONELLI
1994 171 2366 232 COMMENT.

1668 4639 1749 4670 re-
1826 4622 1857 4672 5
1903 4620 1933 4691 ς

3036 182 3132 241 tls

1855 283 1909 332 et
1966 276 2298 332 voluntatem
2364 276 2523 347 legis,
2574 276 2707 348 quia
2762 275 2843 335 bis
2888 281 3033 342 rebus
3076 289 3135 353 fit

1855 370 1962 410 non
1992 353 2177 410 minus
2213 353 2300 419 id,
2336 355 2485 425 quod
2524 355 2613 412 lex
2643 355 2761 412 fieri
2786 357 3029 428 prohibet.
3062 364 3125 420 Et

1853 431 1991 501 quid
2033 432 2276 497 interest,
2326 443 2467 488 recta
2510 433 2566 489 id
2609 432 2795 498 facias,
2829 452 2896 492 an
2932 438 3130 512 obliqua

1856 510 1943 564 via
1968 510 2153 568 eodem
2182 509 2491 580 pervenias?
2515 511 2585 567 Et
2612 510 2730 567 ideo
2772 513 2903 568 bene
2932 525 3127 576 cautum

1854 597 1933 644 est
1958 590 2143 658 regula
2166 589 2305 660 juris
2329 589 2767 652 pontificii,cum
2790 590 2921 662 quid
2946 609 3044 651 una
3055 598 3133 654 via

1854 667 2173 737 prohibetur
2186 667 2351 724 alicui
2364 708 2378 730 ,
2392 667 2463 722 ad
2480 666 2539 725 id
2562 684 2689 725 eum
2718 684 2823 724 non
2848 670 3025 728 debere
3036 674 3129 731 alia

1858 743 2093 800 admitti.
2120 745 2177 804 C.
2199 761 2317 801 cum
2340 746 2473 816 qnid
2496 762 2637 810 una,
2656 747 2722 802 de
2746 763 2856 817 req.
2876 751 2983 818 jur.
3014 753 3069 806 ιἰι
3089 753 3137 809 6.

1860 823 1992 879 Haec
2018 823 2091 880 ita
2114 839 2255 888 esse,
2277 825 2487 894 aliquot
2510 824 2770 895 exemplis
2806 825 3021 896 planum
3043 829 3135 886 fiet.

1860 901 1999 970 Lege
2038 902 2181 958 AElia
2222 901 2537 973 prohibetur
2562 901 2743 960 minor
2779 902 2963 974 viginti
2998 906 3141 976 quin-

1852 993 1957 1049 que
1982 979 2139 1036 annis
2153 995 2365 1036 servum
2391 979 2775 1038 manumittere
2800 981 2968 1046 aliter,
2990 998 3139 1054 quam

1850 1057 2086 1114 vindicta
2114 1059 2259 1129 apud
2284 1057 2602 1123 consilium,
2638 1076 2821 1116 caussa
2858 1060 3055 1132 eognita
3090 1063 3145 1136 s.

1851 1137 2063 1200 endem,
2098 1133 2229 1193 lust.
2264 1138 2410 1209 qm'b.
2447 1153 2516 1194 0oe
2564 1153 2707 1194 caus.
2744 1155 2889 1192 man.
2930 1154 3032 1194 non
3064 1141 3141 1196 lic.

1848 1215 1967 1285 Ipse
1992 1229 2104 1271 non
2131 1215 2474 1279 manumisit,
2496 1215 2587 1272 sed
2614 1214 2717 1274 tibi
2758 1215 2927 1282 dedit,
2952 1224 3011 1273 ut
3032 1233 3143 1274 eum

1850 1292 2270 1350 manumittere&
2326 1293 2494 1351 Fraus
2550 1295 2657 1365 legi
2718 1296 2855 1351 faeta
2897 1307 2985 1352 est.
3033 1295 3141 1352 Non

1854 1371 2005 1428 enim
2046 1372 2361 1428 manumisit
2394 1373 2595 1430 minor:
2634 1374 2727 1432 sed
2774 1371 2833 1429 id
2872 1373 3014 1435 fecit,
3046 1388 3147 1444 quo

1858 1465 1969 1506 non
1993 1449 2178 1507 minus
2212 1461 2527 1523 perventum
2566 1461 2646 1509 est
2684 1451 2757 1508 ad
2796 1451 3149 1511 manumissio-

1854 1545 2003 1593 nem,
2030 1543 2199 1599 quam
2222 1530 2312 1588 lex
2338 1529 2531 1587 noluit.
2566 1531 2696 1588 Ideo
2732 1529 2935 1601 placet,
2956 1544 3147 1586 servum

1852 1606 2090 1663 liberum
2126 1622 2238 1662 non
2282 1607 2410 1672 sore,
2458 1610 2520 1668 L.
2560 1613 2609 1666 si
2643 1612 2798 1681 quio,
2836 1608 2875 1664 7
2912 1608 2969 1682 S.
3008 1608 3055 1665 1.
3089 1607 3151 1664 D.

1850 1688 1946 1756 qm·
1984 1693 2033 1742 et
2070 1703 2107 1742 a
2142 1687 2284 1756 quib.
2334 1703 2571 1744 manum.
2610 1686 2752 1743 Item
2791 1687 2883 1745 lex
2920 1685 3147 1758 prohibet

1844 1763 2193 1821 donationem
2211 1765 2357 1821 inter
2380 1765 2561 1823 virum
2586 1772 2641 1822 et
2666 1779 2915 1822 uxorem.
2939 1763 3151 1820 Maritus

1846 1839 1957 1912 ipse
2011 1859 2120 1898 non
2170 1841 2392 1900 donavit
2430 1843 2619 1910 uxori,
2656 1844 2749 1900 sed
2803 1843 2955 1900 dedit
2988 1841 3150 1905 Titio,

1845 1919 1943 1991 qui
1987 1920 2143 1978 uxori
2183 1921 2351 1978 daret.
2400 1921 2607 1984 Placet.
2658 1921 3015 1980 donationem
3051 1936 3149 1976 non

1838 2000 2031 2056 valere.
2070 1999 2131 2055 L.
2168 2003 2217 2056 st·
2262 2015 2510 2070 spamus,
2560 2002 2613 2056 5.
2666 2003 2730 2056 in
2783 2003 2955 2070 princ.
2996 1999 3061 2055 D.
3096 1997 3152 2054 aa

1840 2077 1961 2133 don.
1998 2081 2095 2134 int.
2129 2080 2232 2134 vir.
2270 2085 2320 2134 et
2354 2094 2451 2134 uer.
2488 2078 2613 2136 Non
2638 2077 2882 2136 dubium
2898 2117 2913 2142 ,
2936 2076 3069 2148 quin
3094 2074 3155 2133 si-
3266 2130 3273 2138 .

1842 2156 1971 2213 mile
1997 2155 2097 2212 hoc
2120 2157 2192 2212 sit
2216 2155 2507 2228 superiori,
2532 2155 2769 2228 ideoque
2800 2155 3155 2228 improbetur,

1834 2234 1963 2303 quia
1988 2234 2059 2290 sit
2086 2235 2146 2290 in
2172 2233 2421 2293 fraudem
2458 2235 2609 2306 legis.
2649 2235 2793 2292 Item
2832 2243 3159 2292 senatuscon-

1832 2313 2037 2368 sultum
2066 2311 2518 2370 Macedonianum
2544 2322 2686 2371 vetat
2712 2312 3009 2384 pecuniam
3044 2327 3153 2368 mn-

1836 2399 1989 2446 tuam
2027 2389 2148 2447 dari
2187 2390 2554 2449 filiofamilias.
2580 2391 2833 2449 Creditor
2872 2389 3067 2463 petenti
3102 2389 3159 2446 fi-

1838 2467 2148 2526 liofamilias
2170 2478 2421 2526 mutuam
2444 2471 2735 2542 pecuniam
2762 2487 2881 2528 non
2906 2467 3055 2525 dedit
3080 2481 3161 2540 pe-

1837 2547 2085 2613 cuniam,
2108 2548 2201 2604 sed
2224 2564 2311 2605 res
2331 2549 2493 2615 alias,
2522 2559 2579 2606 ut
2606 2549 2761 2606 filius
2800 2547 3079 2614 venderet,
3114 2552 3163 2602 et

1836 2625 2073 2699 pretium
2098 2626 2323 2687 haberet
2344 2628 2522 2685 mutui
2560 2629 2697 2685 loeo.
2741 2628 2923 2684 Fraus
2959 2632 3159 2683 senatu—

1810 2692 2106 2761 'seomutto
2130 2702 2279 2763 facta·
2294 2712 2396 2772 est,
2420 2706 2556 2779 quia
2580 2707 2639 2764 id
2662 2706 2908 2772 factum,
2932 2718 3043 2777 quo
3055 2718 3165 2776 per-

1839 2776 2057 2839 venitur
2080 2784 2151 2841 ad
2190 2790 2437 2841 mutuam
2476 2785 2801 2856 pecuniam,
2840 2800 3014 2857 quam
3052 2781 3165 2839 dari

1834 2862 2353 2919 senatuseonsultum
2378 2863 2643 2934 prohibet.
2668 2862 2839 2920 Unde
2864 2860 3049 2919 tamid
3074 2860 3167 2917 im-

1836 2940 2119 3010 probatur,
2154 2955 2323 3012 quam
2361 2942 2410 2998 si
2448 2948 2619 3007 recta,
2654 2948 2713 2999 et
2750 2941 2947 2999 statim
2986 2944 3167 2997 mutua

1836 3018 2067 3089 pecunia
2090 3020 2215 3075 data
2240 3028 2387 3077 esset.
2414 3020 2473 3077 L.
2500 3020 2553 3076 3.
2578 3018 2637 3092 5.
2660 3022 2713 3077 ic
2742 3029 2957 3085 autem,
2983 3022 3045 3075 in
3078 3016 3168 3086 fin-

1836 3096 2084 3162 Lt'tem,
2130 3098 2189 3171 S.
2228 3096 2282 3152 ⁷.
2318 3102 2521 3163 mutati,
2559 3097 2628 3155 D.
2664 3095 3169 3157 domuum.

1836 3174 2220 3244 Improbantur
2242 3191 2371 3246 ergo
2398 3176 2529 3233 haee
2556 3175 2747 3233 omnia
2760 3216 2778 3241 ,
2820 3184 2885 3235 ut
2923 3176 3169 3233 adversus

1838 3252 2011 3321 legem
2052 3253 2221 3309 saeta:
2259 3254 2354 3310 sed
2402 3255 2526 3311 ideo
2578 3264 2639 3313 ut
2676 3256 2951 3312 adversus
2974 3254 3169 3325 legem.-

1835 3330 2012 3402 quod,
2069 3332 2249 3390 verbis
2298 3333 2649 3399 cessantibus,
2709 3333 2859 3390 fiant
2924 3333 3173 3389 adversm

1832 3410 2179 3476 sententiam,
2218 3426 2343 3483 qun
2384 3418 2527 3484 patet
2562 3410 2818 3481 longius,
2846 3426 3025 3485 quam
3064 3423 3169 3464 ver⁴

1834 3488 1922 3545 ba.
1960 3488 2285 3546 Prohibetur
2334 3489 2482 3546 enim
2532 3490 2715 3547 verbis
2768 3490 2961 3547 solum
2974 3530 2991 3555 ,
3030 3484 3171 3559 quod

1834 3577 1911 3633 est
1936 3582 2289 3640 consequens:
2317 3584 2375 3625 re
2412 3578 2593 3625 autem
2618 3568 2771 3639 ipsa,
2814 3576 2873 3627 et
2911 3564 3169 3625 sententia

1832 3645 1974 3717 legis·
1988 3644 2153 3703 etiam
2177 3663 2302 3719 quae
2324 3646 2675 3713 antecedunt,
2692 3662 2799 3718 per
2826 3662 2961 3719 quai
2985 3645 3173 3703 eodem

1832 3723 2155 3795 pervenitur.
2194 3724 2370 3797 quue
2410 3723 2559 3791 ideo,
2608 3726 2749 3796 quia
2792 3722 3173 3783 anteoedentia

1830 3820 1990 3859 suum
2030 3802 2172 3859 illud
2210 3818 2568 3874 consequens,
2590 3804 2746 3874 quod
2773 3810 2971 3877 aperte
2995 3798 3175 3875 probi-

1832 3883 1991 3939 betur
2005 3923 2018 3947 ,
2046 3880 2379 3955 implicitum
2416 3880 2637 3939 habent.

1906 3960 2003 4017 vl.
2028 3960 2113 4015 Ex
2136 3960 2343 4018 ratione
2366 3959 2501 4031 legis
2524 3958 2875 4031 intelligitur
2910 3956 3173 4019 sententia

1829 4038 1961 4109 legis
1984 4039 2143 4095 latior
2158 4080 2173 4106 ,
2212 4055 2383 4111 quam
2410 4038 2573 4095 verba
2592 4079 2607 4102 ,
2630 4054 2767 4096 eum
2810 4039 3175 4098 constitutum

1824 4117 1961 4188 quid
1999 4124 2075 4174 est
2126 4119 2287 4177 certis
2340 4119 2401 4174 in
2456 4119 2617 4175 rebus
2634 4158 2649 4182 .
2706 4117 3008 4177 casibusve
3062 4117 3179 4185 lege

1822 4195 2103 4267 expressis:
2129 4198 2221 4254 sed
2246 4197 2453 4253 ratione
2488 4194 2785 4252 manifesta
2832 4196 3007 4268 legis,
3050 4207 3170 4265 quas

1823 4273 1893 4330 ad
1932 4273 2067 4331 alios
2104 4291 2257 4333 casus
2294 4274 2495 4334 similes
2531 4291 2641 4331 non
2682 4275 2994 4345 pertineat.
3033 4272 3175 4331 Nam

1833 4400 2539 4495 parsonnmm.'1·:1mplum
2574 4429 2637 4479 L.
2670 4424 2729 4477 3.
2766 4425 2823 4492 4.
2866 4426 2923 4479 5.
2948 4422 3021 4479 de
3044 4422 3175 4479 don.

1834 4496 1935 4543 int.
1972 4496 2077 4545 uir.
2106 4492 2166 4544 3⁰
2196 4492 2625 4545 commutatione
2658 4499 3087 4549 contractuum,
3120 4494 3179 4537 ut

1832 4556 1875 4605 ei
1912 4558 2197 4609 donaturus
2231 4558 2425 4609 vendat
2458 4555 2773 4609 donationis
2813 4572 3003 4609 cansa·
3020 4556 3087 4607 d.
3114 4556 3179 4607 L.

1828 4658 1905 4742 ‘id
1940 4622 2042 4745 sg-
2078 4620 2337 4744 &effode
2368 4620 2748 4677 contrahendi.
2790 4626 2863 4677 L.
2900 4622 2959 4677 8.
3006 4620 3057 4692 ς.
3102 4616 3183 4685 14.
