3327 5214
489 148 600 204 159

482 252 599 308 sine
639 250 835 316 certis,
876 258 928 306 et
968 248 1206 306 definiti-s
1243 246 1456 304 caussis.
1485 245 1650 304 Nulla
1680 247 1817 302 obli-

481 328 658 400 gatio,
684 329 790 387 nisi
830 346 894 386 ex
937 327 1098 384 certis
1137 325 1364 389 raussiS,
1391 343 1456 380 ex
1492 326 1699 396 quibus
1724 342 1819 380 na-

481 407 664 462 scitur.
707 407 765 480 §-
804 409 901 462 ult.
942 406 1072 462 lmt.
1127 407 1188 460 de
1245 405 1406 474 obliq.
1454 403 1622 460 Nulla
1674 403 1813 460 actio

479 485 762 548 similiter,
787 485 897 541 sive
923 485 981 540 in
1014 500 1128 538 rem
1154 481 1224 538 sit
1241 523 1255 548 ,
1280 480 1390 537 sive
1417 480 1475 536 in
1513 497 1815 552 personam.

481 565 540 634 S.
585 565 634 619 1.
673 565 842 620 Instit.
899 565 960 618 de
1017 569 1116 618 aet.
1171 561 1233 618 L.
1289 563 1570 619 actionum.
1624 559 1694 615 D.
1744 562 1809 616 de

480 642 641 710 obliq.
680 653 726 698 et
765 649 866 696 act.
893 641 1006 696 Nec
1033 640 1145 695 ulla
1188 638 1453 709 exceptio,
1481 636 1582 694 nisi
1610 653 1674 694 ex
1704 638 1812 695 suis

481 719 694 784 caussiS,
708 737 736 774 a
756 719 958 792 quibus
975 727 1026 775 et
1053 732 1252 774 nomen
1267 717 1492 786 singulae
1517 715 1805 787 accipiunt,

481 805 542 854 ut
581 799 749 870 pacti,
789 797 930 862 doli,
969 797 1132 859 mali,
1158 796 1232 851 rei
1257 792 1526 866 judicatae,
1561 802 1617 850 et
1655 793 1810 850 simi-

479 876 571 932 les.
599 877 768 932 Imm.
807 877 870 932 de
897 878 1185 945 exception.
1217 873 1448 928 Nullum
1476 871 1606 928 item
1634 871 1806 928 domi-

482 955 664 1019 nium,
693 955 794 1011 nisi
822 955 968 1024 quod
995 953 1122 1024 quis
1146 951 1526 1021 certis,etjure
1551 950 1807 1008 constitn-

481 1032 550 1090 tis
566 1035 739 1089 modis
754 1031 1056 1106 acquisivit.
1084 1031 1144 1088 J..
1163 1031 1213 1086 1.
1237 1038 1286 1084 et
1311 1037 1413 1086 toto
1435 1033 1514 1086 tit.
1533 1029 1599 1085 D.
1615 1031 1679 1086 de
1695 1045 1806 1101 aeq.

479 1129 584 1168 rer.
622 1113 759 1167 dom.
785 1111 1100 1180 Eademque
1123 1117 1440 1166 eaeterarum
1459 1124 1659 1174 rerum,
1682 1124 1807 1180 quae
1832 1139 1839 1148 ·

473 1190 598 1263 jure
637 1189 938 1246 constitutae
964 1197 1118 1250 sunt,
1145 1186 1284 1242 ratio
1309 1195 1400 1244 est.

557 1269 656 1325 111.
696 1269 796 1324 Hae
855 1275 1038 1323 autem
1093 1279 1286 1326 caussae
1341 1272 1468 1321 sunt
1521 1281 1583 1320 ea
1637 1263 1812 1328 sacta,

477 1363 599 1420 quae
653 1351 1075 1408 antecesserunt,
1114 1352 1327 1416 propter
1371 1359 1492 1415 quae
1533 1343 1665 1408 hoe,
1714 1349 1809 1398 ant

480 1425 620 1481 illud
663 1423 945 1481 tribuitur.
1386 1447 1390 1452 >

555 1505 652 1559 lv.
693 1504 809 1558 Hoc
847 1502 1154 1560 intellectu.
1192 1515 1301 1556 non
1343 1497 1584 1556 difficilis
1607 1497 1808 1557 harum

477 1599 662 1638 rerum
703 1580 948 1637 delinitio
995 1581 1176 1636 futura
1219 1584 1306 1634 est.
1335 1579 1392 1633 Si
1419 1578 1545 1649 quis
1568 1593 1630 1633 ea
1661 1578 1812 1650 igno-

479 1670 591 1723 rat,
632 1679 698 1715 ex
739 1659 946 1730 quibus
984 1659 1068 1729 jus
1118 1655 1384 1722 nascitur,
1433 1673 1528 1712 seu
1584 1665 1806 1729 propter

476 1755 598 1812 quae
632 1740 722 1810 jus
759 1737 1113 1794 constitutum
1167 1741 1273 1790 est:
1315 1733 1518 1790 factum
1561 1733 1806 1806 ignorat,

477 1835 586 1874 non
625 1817 729 1888 jus.
767 1817 915 1872 Facti
958 1815 1069 1870 baec
1107 1812 1417 1884 ignorantia
1459 1819 1560 1878 est,
1587 1829 1699 1868 non
1721 1815 1807 1886 ju-

476 1897 569 1952 ris.
609 1895 758 1952 Facti
798 1893 1022 1964 quidem
1063 1889 1430 1962 ignorantiam
1471 1907 1606 1954 esse,
1645 1908 1807 1948 nemo

475 1973 725 2044 ambigit.
775 1973 879 2028 Sed
927 1987 999 2026 an
1056 1986 1164 2025 non
1225 1969 1335 2025 haec.
1389 1984 1604 2042 quoque
1665 1969 1806 2040 juris

478 2051 782 2123 ignorantia
837 2049 945 2114 sit,
1002 2047 1248 2104 dubitari
1305 2053 1500 2118 potest,
1549 2064 1676 2103 cum
1730 2049 1806 2104 vi-

477 2131 699 2194 deatur,
739 2129 836 2202 qui
893 2125 1243 2200 praeoedentia
1297 2125 1587 2198 ignoravit,
1641 2124 1804 2182 etiam

473 2209 560 2280 jas
597 2226 757 2266 suum
800 2206 1087 2278 ignorasse.
1124 2203 1191 2260 Et
1227 2205 1318 2276 jus
1369 2204 1595 2274 quidem
1627 2221 1801 2260 suum

477 2287 721 2358 ignorat,
758 2285 856 2359 qui
898 2285 1110 2356 ignorat
1151 2279 1388 2347 factum,
1429 2299 1495 2338 ex
1551 2299 1662 2354 qno
1716 2283 1803 2355 jus

475 2366 592 2437 ejus
631 2366 978 2422 nascebatur-t
1015 2362 1110 2421 sed
1137 2377 1246 2419 non
1290 2358 1501 2432 ignorat
1532 2362 1620 2434 jus
1645 2361 1715 2416 de
1740 2379 1802 2416 co

475 2460 670 2513 genere
713 2440 1093 2506 constitutum,
1133 2439 1230 2510 qui
1271 2445 1326 2495 et
1365 2437 1597 2504 factum,
1635 2447 1688 2496 et
1710 2441 1807 2510 jus

474 2539 634 2577 suum
675 2522 912 2594 ignorat.
941 2519 1090 2577 Scire
1109 2518 1272 2576 enim.
1300 2527 1494 2588 potest,
1531 2516 1668 2590 quid
1706 2518 1804 2575 tri-

475 2599 732 2657 bueretur
779 2599 933 2672 jure,
969 2596 1012 2654 si
1053 2613 1272 2659 caussae.
1301 2596 1556 2669 legitimae
1611 2612 1801 2669 praece·

474 2679 638 2736 dant:
675 2678 766 2737 sed
795 2678 1043 2756 ignorat,
1061 2694 1150 2736 eas
1178 2676 1510 2747 praecessisse.
1533 2676 1665 2731 Ideo
1692 2693 1803 2733 me-

473 2758 580 2814 rito
621 2756 679 2813 in
721 2758 888 2823 facto,
931 2765 982 2811 et
1021 2746 1222 2811 caussis
1259 2761 1470 2815 tantum
1512 2770 1694 2813 errare
1720 2754 1805 2809 di-

471 2835 647 2901 eitur,
688 2853 796 2892 non
835 2834 1004 2891 etiam
1055 2834 1114 2890 in
1159 2834 1282 2904 jure
1320 2832 1623 2889 constituto.
1663 2832 1799 2888 Cum

471 2922 657 2971 autem
698 2914 825 2987 quis
873 2912 1026 2969 novit
1081 2911 1292 2973 omnia,
1343 2930 1411 2967 ex
1462 2911 1671 2984 quibus
1713 2911 1803 2984 jus

469 2992 670 3065 cuique
715 2990 982 3052 nascitur,
1021 3006 1114 3047 seu
1156 2998 1371 3063 propter
1409 3004 1532 3061 quae
1564 2990 1654 3060 jus
1693 3004 1805 3043 eer-

471 3072 512 3128 ti
556 3072 770 3144 aliquid
812 3078 863 3126 et
907 3069 1035 3143 ipsi,
1075 3079 1129 3126 et
1171 3069 1267 3125 alii
1308 3068 1482 3125 cuivis
1518 3086 1583 3123 ex
1610 3066 1801 3123 iisdem

469 3152 668 3209 caussis
705 3146 930 3223 tribuit:
969 3148 1014 3205 si
1057 3148 1240 3204 adhue
1279 3147 1336 3203 id
1377 3147 1480 3205 sibi
1529 3148 1651 3220 jure
1707 3146 1801 3201 tri-

472 3230 702 3294 butam,
761 3228 1006 3299 ignorat,
1061 3234 1241 3297 aperte
1287 3225 1378 3298 jus
1425 3242 1534 3281 non
1595 3226 1795 3281 sactum

469 3307 704 3379 ignorat.
740 3306 890 3361 ,iuris
932 3306 1030 3361 ista
1071 3305 1376 3377 ignorantia
1420 3313 1529 3369 cst,
1566 3320 1675 3359 non
1720 3302 1797 3359 sa-

470 3386 574 3452 cti3
613 3401 738 3441 cum
795 3384 998 3441 factum
1053 3384 1223 3440 sciens
1263 3383 1502 3455 ignoret,
1541 3380 1681 3453 quid
1725 3380 1792 3437 dc

467 3464 556 3521 his
595 3466 783 3523 Rbus,
821 3469 872 3519 et
912 3462 1110 3518 caussis
1142 3462 1230 3534 jus
1255 3462 1561 3519 constituat.
1598 3460 1793 3515 Exem-

467 3544 578 3615 plis
617 3541 826 3615 aliquot
861 3540 1164 3597 notioribus
1190 3551 1420 3597 utemur:
1448 3542 1542 3597 Est
1567 3536 1792 3609 aliquis,

467 3622 558 3679 cui
599 3622 867 3677 bonorum
909 3619 1160 3691 possessio
1210 3638 1274 3677 ex
1331 3624 1645 3676 testamento
1700 3615 1793 3672 de-

468 3702 578 3756 lata
636 3708 736 3763 est,
775 3718 838 3755 eo
874 3698 1026 3769 >quod
1071 3698 1218 3768 justo
1266 3706 1582 3755 testamento
1635 3694 1791 3751 heres

465 3779 697 3850 scriptus
735 3788 842 3840 est,
879 3786 934 3832 et
969 3784 1184 3833 testator
1223 3777 1459 3832 decessit.
1483 3776 1612 3843 Quae
1635 3772 1788 3845 justin

466 3874 660 3915 caussae
697 3867 847 3922 sunt,
888 3872 986 3911 cur
1039 3873 1102 3909 ex
1154 3863 1467 3910 testamento
1517 3854 1791 3908 deseratur

467 3954 528 3993 ea
571 3936 848 4009 possessio,
885 3932 1141 3992 similiter
1183 3943 1241 3989 ut
1281 3933 1581 3990 hren-editas.
1621 3932 1683 3987 L.
1742 3932 1789 3986 1.

465 4016 526 4091 S.
565 4017 724 4073 seme!
740 4058 755 4082 ,
807 4015 874 4074 D.
925 4015 989 4069 de
1040 4014 1218 4069 bonor.
1264 4029 1482 4082 possess.
1533 4027 1629 4066 sec.
1686 4008 1787 4063 tab.

469 4100 527 4168 5.
570 4100 727 4156 item,
766 4094 938 4151 lnam.
975 4095 1042 4149 de
1079 4092 1258 4148 Iter-ed.
1297 4092 1446 4162 qual.
1485 4098 1535 4145 et
1571 4089 1687 4160 diff.
1730 4086 1789 4143 Si

467 4185 564 4230 ant
617 4180 994 4231 testamentum
1045 4171 1247 4227 sactum
1299 4168 1532 4239 ignoret,
1587 4172 1681 4221 aut
1734 4183 1788 4221 se

467 4253 722 4309 heredem
763 4252 1109 4313 institutum,
1149 4259 1242 4305 aut
1279 4254 1576 4304 testatorem
1614 4246 1789 4299 deces-

467 4330 625 4397 sissc;
663 4347 832 4403 eoque
871 4344 979 4387 non
1023 4336 1202 4399 putet,
1242 4328 1505 4383 honorum
1544 4322 1787 4381 defuncti

468 4410 844 4481 possessionem
892 4408 998 4465 sibi
1054 4406 1281 4463 deferri:
1335 4404 1394 4461 in
1448 4404 1587 4461 facto
1643 4408 1787 4459 errat

471 4489 753 4558 ignorans,
792 4505 854 4543 ea
897 4488 1032 4543 faeta
1071 4502 1210 4551 esse,
1248 4502 1316 4542 ex
1354 4482 1556 4555 quibus
1573 4483 1665 4557 jus
1696 4484 1787 4537 bo-

467 4583 668 4623 norum
707 4566 1042 4637 possessionis
1079 4564 1422 4635 agnoscenda:
1449 4562 1497 4619 ei
1527 4562 1781 4618 nascitur.

469 4646 592 4701 Non
633 4654 776 4701 errat
815 4644 872 4699 in
908 4644 1061 4716 jure,
1101 4642 1232 4715 quia
1267 4644 1356 4714 jus
1393 4656 1500 4697 esse
1525 4642 1700 4702 sciret,
1728 4646 1787 4695 nt

465 4739 566 4781 sua
604 4733 734 4779 esset
771 4722 1038 4777 bonorum
1087 4720 1366 4792 inssssio,
1417 4720 1466 4777 si
1513 4718 1787 4795 superiora

1303 141 1624 201 nodosis
1666 132 1981 202 DONEUJ'I
2022 142 2395 206 conmr.

3077 1 3080 3 ,
3144 0 3295 31 Ἴ

3062 152 3143 206 (50

1892 247 2210 336 praecessisse
2230 290 2243 312 ,
2282 247 2627 320 cognovisset.
2666 251 2819 318 Quod
2852 253 2921 308 si.
2956 269 3062 308 cum
3085 271 3153 310 su-

1894 341 2104 398 periora
2130 324 2317 384 omnia
2344 326 2679 398 cognoverit,
2718 345 2819 384 non
2848 335 2979 400 potet
3002 341 3151 390 tamen

1890 405 1993 462 sibi
2038 404 2237 464 deferri
2276 403 2544 462 bonorum
2585 405 2963 476 possessionem
2987 409 3152 482 injure

1893 491 2034 538 errat
2078 482 2359 554 ignorans,
2394 483 2482 558 jus
2506 481 2583 539 ita
2609 483 2941 542 constitutum
2975 503 3081 550 esse,
3103 497 3151 546 ut

1882 562 1936 628 ci
1960 604 1974 623 ,
2015 561 2111 632 qui
2157 561 2215 617 in
2256 578 2315 618 ea
2360 579 2537 618 caussa
2568 559 2757 624 fuerit,
2795 565 2861 620 sit
2892 566 2971 636 jus
3006 575 3153 637 peten-

1892 641 1974 698 dae
2016 641 2281 696 bonorum
2325 640 2674 712 possessionis·
2717 641 2777 696 L.
2806 643 2851 698 1.
2876 646 2925 696 in
2948 647 3096 713 princ.
3114 653 3153 701 et

1882 719 2081 792 §.mlh
2124 718 2188 774 D.
2228 717 2291 774 de
2336 723 2454 790 jur.
2494 728 2543 775 ct
2578 721 2704 792 fact.
2742 722 2993 790 ianiarent.
3028 722 3153 778 Idem

1882 807 1962 862 est
2002 795 2059 852 in
2101 798 2367 854 bonorum
2410 797 2763 870 possessione,
2800 815 2913 869 qnae
2948 801 3011 856 ab
3045 799 3158 856 inte-

1884 882 2017 930 stato
2054 875 2329 940 defertur,
2354 875 2398 933 si
2439 883 2533 932 aut
2572 877 2697 948 quis
2734 894 2793 934 ea
2836 877 3038 948 ignoret,
3060 895 3155 950 pro-

1880 959 1999 1024 pter
2034 969 2157 1026 quae
2198 954 2307 1010 baee
2348 953 2596 1026 possessio
2634 954 2867 1026 cognatis
2916 954 3150 1012 defertur:

1884 1039 2010 1096 aut,
2048 1049 2173 1088 cum
2212 1033 2395 1089 omnia
2435 1033 2675 1096 noverit,
2713 1050 2831 1106 quie
2870 1051 3155 1090 concurrere

1882 1110 2143 1182 oportuit,
2180 1128 2289 1168 non
2331 1120 2481 1182 putet
2520 1118 2733 1178 tamen,
2769 1113 2888 1185 jure
2938 1113 3156 1184 proximi-

1882 1186 2090 1246 mitatis
2126 1188 2233 1246 sihi
2282 1189 2497 1246 deferri.
2538 1191 2589 1244 d.
2635 1189 2691 1246 L.
2737 1192 2784 1246 1.
2825 1191 2881 1259 S.
2935 1192 2981 1247 1.
3027 1199 3070 1248 et
3110 1192 3157 1262 S.

1880 1269 2087 1338 penidt.
2123 1267 2187 1322 de
2220 1272 2339 1340 j-ur.
2377 1277 2426 1324 et
2460 1271 2583 1344 fact.
2627 1271 2800 1338 iynor.
2824 1269 2951 1335 Item
2972 1271 3063 1334 ‚ab
3086 1269 3159 1324 he-

1887 1345 2013 1402 rede
2053 1346 2223 1416 legata
2265 1346 2450 1402 relicta
2489 1356 2616 1402 snut
2664 1363 2823 1418 snpra
2863 1345 3156 1404 dodrantem.

1884 1423 1983 1480 Jus
2021 1431 2097 1480 est
2134 1423 2319 1480 heredi
2358 1442 2425 1480 cx
2465 1427 2579 1495 lege
2633 1425 2871 1482 Falcidia
2918 1425 3160 1482 detrahere

1886 1503 1953 1558 de
1991 1502 2247 1574 singulis»,
2284 1511 2553 1574 quantum
2608 1503 2922 1560 dodrantem
2960 1504 3156 1560 excedit.

1891 1581 1952 1638 L.
1997 1581 2045 1636 1.
2088 1581 2143 1638 L.
2182 1581 2413 1646 lineam,
2450 1581 2519 1638 D.
2560 1583 2633 1637 ad
2670 1583 2775 1652 109.
2817 1583 3010 1640 Falcid.
3049 1583 3161 1638 [λ.

1884 1659 1947 1716 1..
1984 1663 2042 1722 iu
2083 1661 2431 1736 imponenda,
2470 1659 2527 1716 C.
2566 1661 2676 1714 eod.
2715 1661 2956 1734 Ignorat,
2992 1661 3041 1718 id
3074 1659 3160 1718 sibi

1883 1737 2051 1794 licere
2090 1735 2258 1793 heres.
2298 1738 2354 1794 Si
2396 1737 2516 1794 ideo
2544 1780 2560 1800 ,
2596 1739 2729 1810 quia
2758 1735 2985 1810 ignorat,
3020 1755 3157 1810 snpra

1884 1817 2205 1872 dodrantem
2246 1817 2482 1886 legatum
2508 1833 2645 1878 esse,
2672 1829 2801 1890 puta
2844 1825 2933 1874 aut
2967 1835 3162 1889 majorca

1884 1893 2197 1950 existimans
2262 1894 2537 1951 facultates
2601 1892 2972 1962 hereditarias,
3020 1913 3053 1967 q
3087 1912 3159 1952 am

1882 1981 2067 2036 erant:
2107 1983 2202 2028 aut
2242 1972 2495 2044 ignorans
2531 1973 2745 2038 omnia,
2782 1991 2901 2046 quae
2934 1974 3162 2032 codicillis

1884 2052 2070 2106 relicta
2110 2063 2291 2107 erant:
2332 2051 2389 2107 in
2428 2052 2567 2108 facto
2614 2051 2785 2120 errat,
2826 2055 3061 2124 ignorans
3094 2051 3162 2114 id.

1882 2148 1948 2185 ex
1988 2146 2097 2200 quo
2137 2130 2384 2186 deductio
2422 2130 2506 2187 illi
2551 2131 2672 2204 jure
2709 2134 3047 2204 competebat.
3081 2130 3162 2186 Sin

1880 2208 2082 2270 sciens,
2122 2225 2281 2280 supra
2322 2209 2641 2265 dodrantem
2692 2211 3003 2280 patrimonii
3048 2211 3163 2279 lega-

1880 2294 1997 2342 tum
2037 2302 2175 2350 csse,
2214 2295 2369 2358 putat
2396 2287 2784 2353 nihilominus,
2821 2305 2875 2346 sc
2912 2291 2977 2344 ad
3015 2288 3162 2344 solida

1880 2364 2051 2436 legata
2080 2363 2281 2421 teneri:
2323 2365 2380 2419 in
2417 2367 2539 2438 jure
2564 2378 2739 2432 errat,
2768 2367 3039 2438 ignorans,
3061 2383 3163 2422 con-

1878 2452 1961 2514 tra
2016 2445 2130 2518 lege
2170 2441 2408 2499 Falcidia
2450 2461 2557 2499 esse
2594 2444 2958 2502 constitutum.
2997 2447 3051 2502 L.
3094 2461 3164 2500 er-

1879 2540 2001 2586 ror,
2041 2520 2097 2578 C.
2137 2523 2209 2576 ad
2247 2523 2351 2592 loy.
2394 2523 2598 2579 Falcid.
2648 2522 2821 2590 Item,
2858 2524 2961 2582 emi
3013 2541 3039 2580 a
3084 2539 3163 2596 pu-

1878 2600 2013 2673 pillo
2052 2600 2168 2657 sine
2207 2598 2401 2659 tutoris
2438 2600 2755 2659 auctoritate
2796 2621 2910 2661 rem
2948 2603 3162 2674 aliquam

1882 2680 2169 2743 mobilem,
2209 2696 2378 2752 quam
2418 2697 2447 2735 a
2490 2682 2689 2751 pubere
2730 2700 2905 2739 emere
2944 2682 3162 2743 licuisset,

1881 2767 1933 2815 et
1972 2758 2299 2830 emptionem
2341 2759 2517 2813 valere
2564 2768 2711 2830 pute.
2766 2762 2825 2818 Si
2877 2761 3023 2824 ideo,
3054 2760 3163 2831 quia

1878 2838 2151 2913 pupillum
2178 2837 2435 2908 puberem
2473 2837 2687 2908 putavi.
2725 2839 2851 2897 sacti
2890 2836 3163 2911 ignorantia

1879 2924 1985 2979 est,
2033 2914 2162 2988 quia
2214 2913 2491 2987 ignoravi,
2531 2914 2587 2969 id
2640 2934 2751 2974 esse
2792 2916 2849 2974 i‘n
2888 2915 3165 2975 conditione

1879 3009 2147 3065 perseum,
2170 3010 2237 3048 ex
2263 3010 2372 3065 quo
2412 2994 2607 3064 pendet
2644 2996 2914 3061 venditio,
2952 2995 3166 3067 quando-

1879 3072 2103 3142 quidem
2124 3114 2137 3135 ,
2162 3070 2205 3127 si
2234 3073 2403 3144 pubes
2429 3071 2597 3127 factus
2622 3086 2785 3139 esset,
2812 3075 3042 3132 venditio
3070 3072 3161 3145 ipso

1873 3150 1995 3219 jure
2050 3152 2225 3207 valere
2280 3149 2548 3222 potuisset.
2589 3152 2687 3213 At,
2728 3152 2771 3209 si
2814 3154 2971 3217 scivi,
3015 3154 3164 3223 impu-

1878 3230 2059 3285 berem
2098 3246 2231 3294 esse,
2272 3238 2325 3285 et
2364 3237 2493 3300 puto
2521 3228 2747 3301 pupillis
2774 3231 2936 3287 licere
2961 3248 3039 3287 res
3060 3244 3161 3285 scas

1875 3308 2103 3363 vendere
2154 3306 2269 3363 sine
2320 3305 2512 3363 tutoris
2566 3311 2911 3367 auctoritate:
2962 3310 3019 3365 in
3064 3306 3165 3387 jere

1868 3401 2018 3449 erro,
2058 3386 2116 3441 L.
2156 3388 2210 3442 2.
2250 3386 2307 3458 S.
2346 3388 2392 3441 εἰ
2433 3402 2469 3440 a
2510 3388 2755 3455 pupillo,
2796 3388 2865 3443 D.
2892 3406 3002 3459 pro
3034 3391 3162 3453 eripe.

1872 3473 2049 3534 utpote
2087 3464 2255 3521 sciens
2297 3462 2386 3527 id,
2426 3479 2537 3533 quo
2578 3464 2773 3535 posito,
2809 3466 2899 3537 jus
2936 3464 3162 3538 sequitur,

1871 3550 1929 3597 ut
1970 3542 2121 3599 nulla
2161 3543 2231 3599 sit
2268 3542 2539 3608 venditiO,
2578 3560 2707 3599 eum
2747 3545 2945 3617 pupilli
2969 3548 3163 3601 sinetu-

1872 3620 2003 3677 toris
2026 3620 2341 3678 auctoritate
2381 3638 2479 3677 nee
2515 3620 2784 3693 obligari,
2825 3640 2924 3679 nec
2963 3640 3041 3680 res
3060 3634 3163 3677 suas

1866 3698 2129 3765 alienare,
2167 3716 2267 3755 nec
2308 3700 2419 3755 ullo
2460 3700 2617 3756 modo
2642 3702 3005 3762 conditionem
3032 3714 3162 3757 snam

1868 3778 2185 3835 deteriorem
2236 3776 2411 3840 facere
2460 3778 2689 3849 possint:
2728 3782 2877 3852 quod
2914 3782 3001 3853 jus
3036 3790 3165 3835 nuuc

1870 3856 2058 3927 ignoro
2100 3856 2159 3915 L.
2199 3856 2559 3929 obligari‚,D.
2597 3860 2661 3913 de
2688 3867 2891 3916 auctor.
2926 3868 3071 3915 tutor.
3090 3870 3163 3925 pr.

1869 3933 2097 3992 Iustitia.
2133 3936 2243 3993 eod.
2283 3936 2341 4009 S.
2381 3952 2519 3989 mme
2568 3938 2892 3995 admonendi
2905 3978 2921 4006 ,
2960 3938 3164 3995 Institit&

1864 4014 2005 4083 quib.
2044 4016 2205 4070 alien.
2246 4016 2332 4071 lic.
2370 4014 2615 4073 vernon.

1946 4090 2012 4147 V.
2054 4092 2365 4149 Notandum
2420 4102 2496 4147 est
2533 4102 2712 4151 autem
2730 4135 2747 4159 ,
2788 4095 2849 4153 in
2890 4094 2991 4151 hoc
3027 4107 3164 4161 argu-

1869 4180 2049 4225 mento
2088 4187 2349 4235 errorem,
2390 4178 2442 4225 ct
2477 4176 2849 4239 iquos-amiam
2888 4172 3162 4245 promiscue

1868 4250 2144 4319 usurpari,
2186 4259 2245 4307 ut
2284 4250 2427 4321 quod
2469 4249 2536 4306 de
2576 4252 2889 4323 ignorantia
2917 4251 3163 4314 raetiani

1858 4325 1997 4399 juris
2036 4328 2264 4394 dieitur,
2306 4326 2439 4385 alibi
2496 4328 2710 4387 dicatur
2764 4332 2835 4389 de
2888 4345 3060 4387 errore
3097 4324 3166 4381 fa-

1865 4404 1936 4461 cti
1957 4448 1970 4470 ,
1996 4416 2047 4462 et
2070 4406 2230 4481 juris:
2270 4419 2322 4464 et
2346 4418 2550 4463 contra.
2590 4410 2654 4465 L.
2688 4427 2875 4473 error,
2916 4412 2973 4466 L.
3020 4421 3164 4473 resu-

1864 4490 1952 4547 ta,
1990 4487 2049 4539 in
2080 4489 2251 4555 princ.
2290 4486 2354 4541 D.
2392 4486 2457 4541 de
2484 4490 2603 4558 jur.
2658 4499 2705 4545 α
2753 4492 2883 4565 [qct.
2920 4492 3029 4559 tyn.
3066 4480 3157 4539 Sed

1864 4572 1917 4617 et
1952 4578 2087 4634 saepe
2125 4566 2309 4620 eodem
2351 4564 2413 4620 in
2438 4581 2685 4636 responso
2708 4584 2833 4637 quoe
2861 4566 3006 4639 prius
3029 4567 3162 4630 igno-

1864 4644 2045 4695 rancia.
2066 4681 2079 4700 .
2118 4644 2277 4713 paulo
2317 4652 2434 4713 post
2470 4661 2650 4709 error,
2676 4656 2727 4702 et
2752 4645 2852 4716 qui
2876 4660 3026 4702 error
3060 4656 3165 4697 mo-

1868 4720 1935 4775 do
1950 4719 2253 4787 dicebatur,
2278 4738 2400 4779 mss
2426 4726 2733 4794 ε’ῃιιονακιιά
2778 4731 3008 4791 vocatur,
3028 4718 3089 4776 1..
3123 4715 3164 4771 l·
