3327 5214
44 896 48 995 i

183 204 276 265 tos
856 194 951 255 DE
991 196 1176 255 mni:
1213 194 1331 253 CR
1335 196 1434 253 111

178 310 255 381 qni
275 306 360 379 jus
389 322 432 361 s·
427 305 575 370 iant,
607 312 660 359 et
713 310 894 359 tamen
949 318 1062 359 non
1114 309 1298 373 petant
1339 308 1424 357 tu·

176 397 306 448 tores:
337 383 418 440 scd
455 385 606 439 etiam
647 382 900 439 adversus
935 396 1052 443 eos.
1091 381 1190 452 qui
1215 396 1313 451 per
1334 380 1424 450 ju-

176 466 233 525 ris
255 460 580 535 ignorantiam
606 459 662 515 id
691 460 915 517 saciant:
940 458 1292 517 eonstitutum
1323 458 1422 517 hoc

175 543 234 599 ita
260 553 322 599 est
356 540 590 595 adversus
625 547 886 602 matrem,
912 546 974 593 ut
1011 538 1128 595 haee
1167 538 1324 591 nulla
1367 552 1424 591 re

173 630 423 682 excusetur,
459 619 560 674 nisi
599 628 694 675 aut
718 616 934 673 lubrico
955 615 1155 680 aetatis,
1177 616 1222 671 si
1243 615 1432 671 minor

169 714 254 755 non
289 697 448 769 petiit,
493 699 546 753 d.
583 698 644 752 I.
681 696 782 751 ult.
824 695 882 752 C.
920 697 969 752 si
1007 696 1134 751 adv.
1182 694 1288 749 del.
1329 702 1428 749 aut

167 793 287 839 casu,
317 774 436 831 dum
473 774 530 831 in
571 768 802 845 petendo
855 782 1032 831 tutore
1083 771 1426 842 diligentiam

166 853 395 917 adhibuit.
418 854 678 915 missoeo,
691 853 790 923 qui
832 861 1067 923 peteret·
1091 851 1228 907 sed'
1213 868 1260 907 ιιι
1283 867 1430 906 mor-

166 940 224 993 te,
253 938 334 987 aut
367 948 486 987 casu
523 932 712 1002 aliquo
751 940 1056 1002 pratentus
1091 938 1270 1001 petere
1318 946 1429 985 non

44 996 47 1081 ἶ
163 1010 314 1081 potuit.
325 1010 372 1067 d.
389 1010 450 1075 L,
461 1027 579 1065 cum
593 1026 629 1063 a
643 1010 924 1069 matribus.
943 1009 1001 1063 C.
1014 1010 1109 1079 qm·
1118 1015 1224 1077 pet.
1239 1014 1339 1063 tut.

218 1088 344 1143 vul.
384 1087 508 1143 Haec
533 1088 724 1147 eadem
753 1087 942 1159 regula
985 1086 1141 1152 facit,
1165 1094 1226 1141 ut
1251 1085 1312 1141 in
1339 1087 1432 1141 de·

44 1194 47 1241 i
159 1165 270 1229 lictis
301 1165 594 1231 nonnullis,
641 1182 771 1221 cum
820 1165 1170 1237 ignorantie.
1221 1163 1396 1221 aetatis
1417 1200 1432 1226 .

44 1244 46 1263 ⁵
156 1254 227 1299 aut
258 1260 398 1301 sexus
423 1244 576 1299 venia
604 1244 764 1303 detur
782 1284 797 1306 ‚
821 1262 930 1301 non
961 1254 1143 1300 tamen
1171 1258 1236 1297 eo
1260 1258 1431 1313 usque

157 1338 221 1377 res
251 1322 510 1394 procedat:
549 1332 613 1379 ut
649 1324 858 1380 erranti
911 1320 1222 1395 ignorantia
1264 1322 1430 1391 prosit

154 1400 204 1461 ad
227 1401 411 1471 aliquid
439 1400 569 1457 inde
595 1400 994 1473 acquirendum
1007 1440 1022 1465 ,
1037 1450 1041 1455 .
1056 1398 1430 1455 retinendum-

151 1494 223 1541 τι,
251 1480 380 1549 quod
417 1480 568 1550 prius
605 1479 730 1551 jure
777 1480 984 1537 factum
1021 1492 1131 1538 non
1185 1486 1318 1533 erat.
1358 1476 1430 1533 Ut

148 1565 272 1626 puta,
296 1556 490 1628 nuptiis
512 1566 704 1615 contra
732 1556 998 1629 praecepta
1011 1557 1194 1627 legum
1212 1565 1427 1610 contra·

147 1634 246 1699 etis,
267 1634 542 1699 incestum,
569 1638 720 1706 quod
748 1652 845 1707 per
869 1635 1118 1693 illicitam
1147 1632 1426 1689 matrimo-

146 1710 206 1769 nii
237 1712 660 1783 conjunctionem
687 1714 985 1771 admissum
1025 1721 1134 1777 est,
1173 1710 1422 1769 excusari

146 1790 248 1847 solet
277 1800 442 1855 aetate,
480 1792 562 1847 vel
609 1808 772 1849 sexu:
809 1793 902 1849 sed
929 1792 1206 1855 hactenus,
1235 1799 1294 1845 ut
1319 1806 1427 1861 ραι-

147 1884 200 1923 na
229 1870 396 1937 incesti
437 1870 770 1929 remittatur.
797 1870 1064 1933 Caeterum
1093 1886 1191 1926 nee
1218 1869 1424 1940 nuptiae

143 1950 522 2013 mtirmantur,
561 1964 665 2004 nec
703 1950 1010 2021 quidquam
1036 1962 1104 2003 ex
1145 1947 1260 2010 his,
1299 1962 1424 2019 quin

145 2040 214 2095 per
233 2042 450 2083 caussam
475 2028 602 2099 eius
629 2026 966 2083 matrimonii
991 2027 1152 2089 data,
1165 2034 1261 2083 aut
1275 2040 1425 2097 qua-
1466 2082 1469 2085 .

146 2104 217 2161 sita
249 2105 590 2171 videbantur,
619 2105 898 2163 retinetur.
927 2105 988 2161 L.
1025 2107 1074 2161 οἱ
1099 2105 1362 2163 adulterit
1367 2118 1424 2159 ιιι

141 2198 230 2242 em
257 2186 462 2249 ιιι-οπο,
500 2185 564 2257 S.
604 2184 766 2241 iidem
794 2184 1063 2253 Pollioni,
1090 2182 1154 2239 D.
1193 2186 1267 2239 ad
1293 2183 1422 2251 Lea.

141 2260 232 2315 Μ.
261 2262 316 2317 de
353 2264 522 2319 adult.
563 2262 631 2319 L.
668 2265 763 2333 qui
799 2270 1010 2326 omum,
1037 2262 1098 2319 C.
1135 2262 1198 2319 de
1237 2266 1418 2319 ineest.

139 2342 298 2395 ιιιιιιιι.
325 2348 468 2411 nupt.
495 2342 668 2403 Item,
691 2340 792 2410 qui
817 2341 1056 2410 legatum
1085 2340 1191 2397 sibi
1217 2340 1420 2397 adseri·-

139 2417 212 2485 pat
233 2418 280 2473 in
307 2428 650 2477 testamento:
677 2418 806 2475 huic
823 2426 1038 2489 propter
1053 2418 1420 2489 ignorantiam

140 2496 292 2553 remitti
313 2498 442 2555 solet
472 2514 640 2571 pinna
669 2495 802 2568 legis
828 2496 1116 2555 Corneliae:
1141 2498 1234 2567 sed
1273 2512 1418 2553 nun-

137 2588 264 2644 quam
299 2575 392 2642 ita,
445 2586 508 2633 ut
551 2578 794 2648 legatum
849 2574 976 2632 inde
1033 2586 1418 2646 consequatur,

138 2655 244 2722 quod
265 2671 354 2710 nee
381 2657 508 2712 inde
537 2656 648 2727 peti
679 2665 876 2726 potest,
903 2671 1004 2712 nec
1029 2663 1306 2726 acceptum
1337 2670 1418 2710 reh

137 2730 274 2788 tincti.
311 2734 370 2790 Ι..
415 2734 872 2790 senatusconsulto
891 2773 906 2800 ,
962 2733 1024 2790 L.
1065 2749 1192 2802 pen.
1242 2735 1302 2790 C.
1355 2736 1420 2790 de

136 2808 216 2873 luis,
243 2815 328 2884 qui
361 2815 464 2870 sihi
502 2815 680 2868 adm.
717 2814 774 2866 in
823 2819 936 2868 test.
975 2811 1178 2868 Omnia
1215 2828 1282 2868 ex
1321 2828 1420 2876 eo,

135 2901 186 2942 ne
215 2888 452 2961 cuiquam
485 2893 546 2948 ιιι
575 2889 948 2962 compendiis,
985 2899 1040 2946 et
1078 2889 1246 2946 lucris
1279 2890 1420 2962 juris

135 2982 246 3022 error
265 2971 438 3040 prosit.

189 3045 268 3102 lx.
299 3047 399 3104 Sed
425 3055 618 3104 tamen
641 3053 694 3105 et
733 3048 834 3104 hac
873 3053 1022 3120 parte
1061 3048 1172 3104 duo
1211 3045 1416 3119 ext-,emi

135 3131 250 3178 sunt:
267 3126 495 3183 minores
538 3126 842 3191 nimirum,
865 3135 916 3184 et
957 3125 1176 3182 milites.
1211 3125 1292 3182 De
1315 3126 1420 3184 mi-

137 3201 310 3260 noribus
347 3203 422 3259 ita
459 3205 728 3274 scriptum
769 3212 847 3262 est
877 3206 938 3262 in
967 3207 1030 3262 L.
1053 3208 1333 3275 quamtis,
1361 3203 1420 3260 C.

137 3277 184 3332 de
201 3280 288 3350 jur.
311 3288 360 3338 a
399 3283 527 3340 fact.
571 3284 746 3352 ignor.
772 3285 1032 3352 Quamvis
1055 3287 1118 3338 ιἰι
1155 3283 1304 3338 lucro
1325 3299 1422 3338 nee

134 3356 310 3426 {manu
336 3365 436 3432 jus
487 3362 865 3432 iason-antibus
911 3362 1178 3418 subreniri
1226 3363 1424 3418 soleat:

138 3443 318 3494 mam
339 3450 521 3496 contra
541 3446 748 3496 ertatem
776 3441 950 3496 adhuc
973 3442 1330 3514 imperfectam
1344 3441 1424 3496 to-

137 3529 218 3568 τιιιι
239 3516 320 3572 hoc
347 3537 452 3576 non
481 3521 707 3583 habere,
719 3525 862 3576 retro
888 3517 1202 3588 Principum
1224 3521 1422 3588 scripta

139 3591 377 3652 Mamm.
415 3599 688 3687 Exemplo
724 3597 794 3653 sit
831 3595 1040 3658 minor.
1065 3595 1191 3668 qui,
1229 3613 1420 3668 quaeve

143 3667 358 3730 binorum
383 3675 772 3748 possessionem
801 3675 1038 3732 delatam
1054 3673 1196 3730 intra
1221 3681 1420 3732 statuta

140 3751 324 3820 tempora
365 3771 476 3811 non
519 3754 698 3826 petiit.
724 3753 865 3808 Cui'
851 3771 910 3810 ιιι
937 3753 1040 3810 hae
1064 3769 1121 3810 re
1157 3753 1424 3812 beneficio

141 3827 264 3884 atatis
283 3831 520 3889 succurri
538 3873 552 3896 ‚
581 3832 854 3890 traditur
840 3851 898 3910 ιιι
931 3834 986 3888 Ι..
1013 3833 1068 3888 2.
1084 3832 1145 3886 C.
1165 3833 1229 3888 de
1252 3836 1308 3888 in
1325 3836 1422 3890 ιἰιι.

141 3914 222 3960 rut.
243 3913 356 3966 ιιιὶπ.
383 3911 522 3966 Item
539 3917 876 3980 mater-‚quae
901 3911 1044 3968 intra
1071 3925 1278 3969 annum
1305 3927 1416 3968 non

143 3983 248 4048 Ιᾱὶιῑ
279 3995 508 4044 tutorem
553 3989 1010 4058 tilio·impuberi,
1036 4004 1202 4059 quam
1244 3991 1418 4059 placet

143 4073 214 4116 non
234 4064 340 4120 ideo
363 4069 438 4124 ab
465 4067 766 4140 impuberis
805 4067 1044 4124 defuncti
1087 4067 1414 4126 nimione

144 4144 370 4208 moseri:
397 4162 512 4202 non
551 4152 730 4202 tamen
769 4145 902 4217 quia
929 4146 1158 4207 mulier,
1179 4147 1272 4202 sed
1313 4147 1414 4202 hac

44 4223 47 4274 l
144 4211 238 4285 lege,
256 4222 296 4278 si
323 4221 486 4281 suerit
511 4225 724 4289 minor,
739 4239 862 4294 quae
887 4241 1002 4280 non
1029 4223 1200 4296 petiit.
1227 4225 1288 4280 L.
1313 4227 1412 4283 ult.

145 4293 182 4346 ¹·
197 4301 363 4358 riade.
399 4306 506 4358 del.
547 4303 624 4358 De
663 4303 936 4360 militibus
965 4302 1110 4360 idem
1149 4302 1406 4373 scriptum

146 4374 256 4430 estin
275 4381 444 4450 specie
485 4381 812 4440 hereditatis
837 4383 1124 4446 adeunda,
1154 4382 1214 4436 in
1239 4383 1300 4437 L.
1325 4399 1408 4438 re-

143 4453 389 4528 ss1⁶.§.et'
411 4461 816 4551 filiusfamilias,
841 4459 904 4516 D.
929 4463 1040 4517 eod.
1063 4467 1116 4514 et
1139 4460 1408 4525 additum,

147 4526 322 4606 nilitem
369 4554 466 4609 per
511 4555 654 4596 cons.
639 4538 916 4597 itutiones
977 4537 1343 4628 principales
1321 4555 1410 4608 Jus

147 4617 338 4670 'mure
361 4631 524 4686 posse.
543 4617 700 4685 Quod
725 4622 777 4672 et
801 4617 1036 4688 apertius
1071 4616 1302 4688 positum
1327 4625 1406 4674 est

147 4677 1058 4766 *nLue.inp1-.c.ae1urdeli.b
1098 4697 1190 4754 Sic
1224 4703 1406 4752 tamen

145 4762 404 4840 Unumque·
429 4780 488 4828 ut
515 4775 572 4832 in
613 4789 792 4832 rerum
833 4775 1301 4834 administratione
1328 4776 1408 4830 lo-

1489 192 1624 253 Lm
1660 195 1705 253 1.
1744 195 1895 253 mr.
1934 194 2091 255 xxi.
2731 195 2845 255 170

1498 316 1628 357 eum
1643 301 1857 357 habeat.
1872 298 2060 355 Nam
2044 318 2101 357 ιιι
2130 298 2344 355 delictis
2368 298 2509 355 nulli
2533 298 2845 371 jurisignn-

1501 378 1683 435 rantia
1722 385 1939 435 tantum
1980 378 2249 449 proderit,
2280 384 2339 433 ut
2376 394 2443 433 ex
2482 378 2683 434 delicto
2694 380 2844 449 qui-

1505 472 1699 531 squam
1740 460 1957 517 lucrum
1999 456 2179 513 saciat..
2216 458 2347 513 Ideo
2384 472 2484 511 nec
2532 456 2844 518 errantibus

1497 534 1654 607 iustae
1710 536 1913 607 nuptiae
1964 538 2387 591 confirmantur.
2421 536 2476 591 d.
2506 536 2563 589 L.
2602 539 2652 590 si
2686 538 2843 593 adul-

1507 618 1729 677 terium.
1754 616 1814 686 S.
1841 616 2000 671 iidem
2034 615 2274 669 Polliam·
2292 654 2305 677 ,
2332 614 2401 669 D.
2442 615 2514 669 ad
2553 613 2683 683 Ley.
2722 612 2840 673 Jul.

1502 694 1566 749 do
1607 694 1777 749 adult.
1814 694 1878 749 L.
1914 696 2011 763 qm·
2046 700 2258 755 contra,
2283 693 2341 747 C.
2380 693 2441 747 de
2480 694 2539 747 ιἰι
2597 698 2647 747 et
2700 696 2834 749 imit.

1503 778 1652 837 nunt.
1680 788 1779 827 nee
1804 770 1879 835 ei,
1896 770 1991 840 qui
2020 770 2126 829 sibi
2155 786 2251 840 per
2276 768 2607 841 imperitiam
2634 772 2841 828 adscri-

1507 848 1638 920 psit,
1667 849 1903 920 legatum
1944 851 2187 906 debetur.
2211 852 2265 905 d.
2292 850 2353 905 L.
2382 864 2507 917 pen.
2548 850 2606 905 C.
2639 853 2703 905 de
2730 852 2841 915 his.

1507 931 1606 998 qui
1641 928 1745 984 sibi
1784 928 1955 984 adm.
1994 930 2061 985 ln
2116 927 2327 999 reliqua
2368 926 2841 985 administratione

1508 1005 1588 1061 sic
1609 1023 1771 1078 supra
1810 1006 2024 1077 seriptis
2062 1006 2329 1077 personis,
2354 1004 2518 1061 etiam
2558 1005 2615 1061 in
2644 1006 2838 1068 lucris.

1506 1083 1852 1143 subvenitur:
1880 1093 1937 1139 ut
1964 1084 2109 1143 nihil
2138 1082 2525 1153 distinguatur.
2552 1084 2611 1139 in
2636 1084 2839 1155 quibus
2918 1088 2925 1095 '

1507 1162 1699 1222 lucris:
1724 1165 1816 1220 sed
1854 1162 2059 1235 quibus
2084 1164 2143 1219 in
2172 1162 2332 1219 rebus
2356 1161 2485 1219 faeti
2528 1162 2835 1233 ignorantia

1507 1254 1616 1297 non
1644 1250 1883 1299 noceret:
1912 1242 1967 1297 in
1996 1242 2085 1299 his
2124 1242 2357 1312 placeat,
2384 1256 2485 1299 nec
2517 1241 2661 1312 iuris
2686 1241 2837 1312 igno-

1507 1319 1741 1377 rantiam
1772 1336 1983 1377 nocere.
2006 1324 2059 1377 d.
2088 1322 2147 1377 1..
2184 1324 2453 1392 quamvis,
2480 1321 2536 1375 (ἲ.
2562 1322 2627 1375 de
2644 1325 2763 1391 jar.
2786 1328 2837 1375 et

1503 1398 1632 1470 fact.
1653 1402 1773 1468 ign.
1796 1400 1918 1466 Qua
1946 1400 2153 1455 ratione
2188 1398 2461 1461 dicemus,
2484 1398 2579 1455 etsi
2609 1400 2692 1455 hat
2716 1414 2836 1469 per-

1505 1492 1648 1533 sonae
1677 1494 1707 1531 a
1728 1477 1945 1549 pupillo
1982 1479 2213 1535 emerint
2246 1478 2363 1534 sine
2388 1476 2580 1533 tutoris
2604 1477 2837 1532 auctori-

1507 1558 1642 1617 tate,
1668 1562 1719 1611 et
1743 1555 1943 1621 sciant,
1968 1572 2111 1621 eum,
2138 1574 2167 1612 a
2194 1572 2305 1627 quo
2330 1563 2535 1619 emunt,
2558 1554 2833 1625 pupillum

1503 1635 1951 1691 esesdummodo
1974 1642 2158 1693 tamen
2184 1652 2281 1707 per
2306 1634 2671 1706 ignorantiam
2693 1632 2834 1703 juris

1499 1712 1693 1767 saltem
1734 1717 1947 1783 putent,
1988 1715 2061 1770 ab
2098 1730 2161 1769 eo
2199 1728 2376 1771 emere
2415 1710 2605 1777 licere,
2645 1728 2833 1767 usuca-

1507 1797 1691 1859 pturas
1712 1792 1861 1862 quod
1886 1792 2142 1849 emerint:
2167 1792 2427 1863 quoniam
2455 1796 2832 1861 usucaperent,

1501 1868 1546 1923 si
1575 1870 1847 1940 pupillum
1893 1873 2150 1941 puberem
2190 1878 2441 1942 putarent
2481 1868 2541 1925 in
2582 1870 2721 1925 facto
2743 1886 2833 1925 er-

1484 1955 1697 2005 rantes.
1722 1951 1778 2005 d.
1804 1950 1865 2003 L.
1888 1950 1944 2005 2.
1970 1952 2029 2017 S.
2052 1954 2101 2005 εἰ
2126 1967 2161 2004 a
2182 1952 2419 2020 pupillo,
2446 1949 2513 2005 D.
2532 1965 2639 2017 pro
2675 1956 2829 2016 emm.

1579 2027 1651 2082 X.
1676 2028 1825 2094 Q'uid
1850 2034 1927 2083 est
1952 2028 2147 2098 igitur,
2171 2031 2319 2098 quod
2360 2028 2591 2089 dicitur,
2617 2026 2677 2081 in
2704 2042 2833 2081 usu-

1499 2105 1822 2177 capionibus
1846 2122 2081 2165 errorem
2105 2108 2245 2179 juris
2270 2105 2409 2163 nulli
2427 2147 2440 2169 ‚
2465 2111 2517 2160 et
2542 2121 2827 2176 nunquam

1502 2184 1785 2255 prodesse?
1808 2188 1863 2241 d.
1904 2187 1962 2257 S.
2001 2190 2049 2244 si
2088 2204 2123 2241 a
2158 2188 2395 2255 pupillo.
2434 2185 2496 2240 L.
2518 2198 2831 2254 nunqua-m,

1497 2264 1564 2319 D.
1589 2264 1654 2319 de
1680 2274 1862 2334 usurp.
1886 2273 1937 2321 et
1960 2282 2105 2321 ιιιιιο.
2131 2266 2337 2335 Nempe
2378 2264 2575 2318 horum
2618 2267 2831 2318 utrum-

1495 2356 1606 2412 que
1629 2341 1837 2399 dictum
1864 2350 1941 2399 est
1964 2359 2030 2398 ex
2050 2345 2171 2416 jure
2208 2342 2508 2397 communi.
2544 2340 2702 2407 Quod
2732 2356 2829 2395 au-

1497 2426 1606 2475 tem
1631 2419 1969 2487 minorihus,
1992 2430 2047 2477 et
2086 2421 2361 2478 militibus
2394 2419 2535 2491 juris
2574 2420 2829 2489 ignoran-

1495 2497 1630 2555 tiam
1659 2500 1909 2570 prodesse
1923 2502 2093 2572 plaeet
2106 2542 2121 2563 ‚
2132 2501 2253 2572 jure
2268 2499 2534 2569 singulari
2552 2503 2825 2569 receptum

1495 2578 1755 2642 est,dum
1784 2578 1843 2636 in
1872 2580 2183 2637 minoribus
2208 2578 2379 2636 aetatis
2406 2575 2825 2641 beneticium‚in

1493 2655 1769 2712 militibus
1796 2658 2009 2718 militiae
2034 2659 2189 2714 favor
2214 2658 2525 2714 intervenit.

1577 2733 1677 2792 XI.
1702 2735 1863 2800 Quod
1900 2753 2061 2810 supra
2102 2737 2317 2810 scriptis
2356 2737 2595 2808 personis
2637 2735 2693 2792 in
2722 2736 2825 2791 hac

1495 2826 1681 2870 caussa
1722 2815 1989 2872 tributum
2028 2821 2132 2880 est,
2170 2815 2249 2872 sic
2299 2831 2487 2872 earum
2541 2814 2823 2886 proprium

1495 2896 1598 2948 est:
1623 2898 1685 2947 ut
1708 2893 1939 2963 placeat,
1966 2896 2035 2952 ad
2078 2895 2333 2950 mulieres
2372 2909 2498 2948 nort
2522 2894 2791 2964 pertinere
2808 2933 2827 2954 .

1493 2968 1592 3026 etsi
1635 2971 1772 3028 alias
1812 2971 1869 3028 in
1908 2973 2049 3044 iuris
2091 2973 2397 3042 ignorantia
2447 2973 2733 3034 mulieres,
2772 2977 2827 3025 et

1495 3049 1735 3106 minores
1772 3055 2167 3122 comparentur.
2208 3052 2269 3108 L.
2308 3053 2519 3120 remila.
2555 3054 2615 3105 ιἰι
2642 3066 2734 3118 pr.
2762 3050 2825 3106 D.

1497 3129 1561 3182 de
1574 3131 2020 3201 junetfactdyn.
2046 3131 2221 3201 quue
2246 3129 2445 3186 diserte
2468 3128 2828 3184 constitutum

1498 3211 1576 3260 est
1603 3207 1667 3262 in
1688 3207 1741 3264 d.
1756 3209 1819 3264 Ι..
1842 3211 2105 3278 quamvis,
2128 3217 2177 3265 et
2204 3210 2265 3264 L.
2289 3208 2385 3263 ult.
2412 3208 2469 3264 C.
2494 3207 2609 3262 eod.
2629 3205 2827 3263 Proin-

1499 3285 1568 3340 de
1591 3301 1693 3342 nee
1718 3287 1933 3344 rusticis
1972 3286 2121 3344 idem
2160 3286 2443 3349 dabimus,
2468 3285 2565 3356 qui
2592 3283 2650 3340 in
2682 3285 2827 3356 juris

1506 3362 1815 3433 ignorantia
1840 3367 2027 3421 eodem
2056 3367 2172 3420 loco
2196 3381 2323 3420 cum
2360 3363 2597 3422 soeminis
2621 3363 2829 3422 haben-

1503 3448 1612 3498 tur.
1643 3443 1703 3498 L.
1728 3443 1783 3498 2.
1808 3447 1868 3500 ιἰι
1891 3444 1949 3512 fi.
1974 3443 2044 3500 D.
2069 3445 2133 3514 ,do
2149 3449 2268 3515 jur.
2288 3443 2399 3512 fise.

1580 3520 1707 3576 ΧΗ.
1730 3522 1799 3577 ln
1824 3521 2040 3596 damnis
2058 3537 2189 3578 -uon
2214 3523 2425 3587 minus,
2448 3538 2615 3593 quam
2654 3521 2713 3576 in
2740 3522 2827 3577 lu-

1495 3597 1604 3664 cris
1629 3603 1875 3658 eamdem
1914 3602 2157 3670 regulam
2182 3601 2319 3672 juris
2342 3600 2649 3672 sequimur,
2674 3605 2735 3656 ut
2765 3599 2827 3656 in

1495 3677 1719 3737 «lamnis
1743 3695 1961 3752 quoque
1999 3680 2305 3749 ignorantia
2330 3681 2473 3749 juris
2496 3689 2697 3736 noceat.
2721 3681 2827 3736 Ar·-

1501 3761 1761 3824 gumento
1796 3765 1873 3814 est
1910 3757 2217 3816 indebitum
2257 3777 2353 3832 per
2390 3775 2629 3816 errorem
2680 3759 2827 3814 solu-

1501 3839 1636 3890 tum.
1676 3835 1973 3894 Pecuniam
1996 3837 2043 3892 si
2068 3837 2197 3910 quis
2231 3837 2416 3900 solvit,
2441 3853 2565 3892 cum
2594 3855 2705 3894 non
2733 3838 2829 3893 de-

1500 3913 1672 3970 beret:
1698 3915 1810 3972 sive
1834 3915 2033 3980 sciens,
2058 3933 2113 3974 se
2139 3933 2249 3973 non
2278 3917 2474 3972 debere
2498 3915 2825 3976 solt-atzsive

1501 3990 1785 4061 ignorans:
1828 3993 1917 4050 hic
1956 3994 2017 4050 in
2060 3993 2320 4067 pecuniae,
2360 4001 2411 4050 et
2451 3993 2687 4050 dominii
2726 3995 2825 4048 da·-

1491 4085 1685 4128 mnum
1716 4071 1929 4129 incidit.
1950 4073 2093 4139 Quia
2121 4073 2271 4128 enim
2298 4073 2399 4128 hoe
2428 4069 2613 4127 animo
2636 4077 2741 4135 est,
2762 4075 2823 4127 ut

1490 4149 1801 4206 transferret
1819 4191 1833 4214 ,
1874 4151 2137 4207 tradendo
2186 4168 2281 4207 sua
2334 4153 2605 4206 voluntate
2644 4149 2825 4206 domi-

1493 4227 1650 4284 nium
1678 4229 1980 4285 transtulit:
2008 4228 2380 4286 transferendo
2420 4227 2621 4284 amisit.
2654 4231 2707 4284 L.
2730 4230 2823 4282 ‹10-

1487 4310 1695 4371 vm'mes,
1722 4308 1789 4364 D.
1814 4309 1879 4362 de
1920 4308 2071 4362 cond.
2096 4308 2208 4361 ind.
2234 4309 2289 4374 §-
2316 4324 2415 4375 per
2448 4309 2789 4363 traditionem
2806 4349 2823 4370 ,

1487 4385 1703 4440 Imde
1728 4401 1829 4440 rer.
1852 4387 2010 4442 dinis.
2038 4386 2215 4454 Atque
2254 4385 2385 4442 hine
2423 4401 2533 4440 non
2577 4385 2825 4442 vindiea-

1487 4463 1563 4518 tio
1601 4462 1861 4524 solventi,
1886 4464 2007 4524 sed,
2034 4468 2094 4517 ut
2136 4461 2193 4517 in
2225 4479 2280 4519 re
2322 4463 2500 4519 aliena
2542 4462 2708 4529 sacta,
2737 4465 2829 4532 in-‚

1487 4539 1657 4596 debiti
1686 4539 1959 4598 condictio
1982 4541 2261 4611 competit:
2276 4543 2429 4615 quod
2445 4542 2681 4600 declarat
2690 4559 2821 4600 eum

1485 4619 1773 4676 dominum
1800 4634 1909 4676 esse
1924 4619 2161 4677 desiisse.
2176 4619 2351 4676 Nemo
2366 4619 2515 4676 enim
2532 4638 2645 4676 rem
2662 4639 2818 4680 suam

1483 4695 1752 4762 condicit,
1803 4701 1992 4769 praeter
2042 4713 2207 4769 quam
2235 4715 2267 4754 a
2308 4697 2441 4756 sure.
2494 4699 2559 4756 L.
2598 4703 2697 4756 ult.
2748 4703 2819 4758 Ι).

1481 4780 1656 4850 estest.
1678 4793 1849 4848 quem.
1875 4791 1989 4840 cuv.
2016 4777 2093 4832 De
2132 4776 2503 4842 condictione,
2544 4779 2633 4835 cui
2673 4795 2821 4836 coni·
