3327 5214
526 150 637 207 175

522 254 578 310 Si
610 266 790 312 tamen
819 270 916 325 per
939 270 1176 310 errorem
1204 254 1332 327 quis
1363 257 1685 327 promiserit,
1708 264 1849 313 tam-

521 348 694 403 quam
737 333 872 389 alias
911 332 1193 398 debitum,
1236 335 1386 403 quod
1431 350 1540 389 non
1585 336 1847 392 debebat:

1341 149 1594 209 nus-015
1601 146 1668 209 IS
1708 152 2025 209 DONELLI
2060 152 2436 212 ooMm-:N'L

3074 156 3157 217 l'iss

1920 274 2021 327 per
2044 262 2409 327 tyr-orantium
2440 260 2599 333 facti,
2624 269 2685 316 ut
2710 258 3052 335 intelligamus,
3078 278 3165 318 non

1926 334 2073 394 idem
2102 335 2277 394 tribui
2316 337 2367 393 ei
2388 378 2403 402 ,
2444 337 2543 409 qui
2584 355 2677 410 per
2717 337 3039 409 ignorantiam
3058 337 3170 407 iuris

413 456 422 465 .
517 429 736 467 summo
759 411 986 481 quidem
1021 412 1144 481 jure
1172 420 1414 468 tenetur:
1439 414 1530 469 sed
1546 454 1560 476 ,
1585 412 1629 469 si
1655 430 1850 471 convc-
1926 413 2071 470 idem
2102 414 2321 473 fecisset.
2346 417 2511 473 Recte
2537 432 2659 473 vero
2682 415 2753 490 (3)
2778 416 2887 481 hoc,
2898 431 3047 487 neque
3068 416 3171 473 huic

521 492 740 551 niatur.
767 491 930 546 habet
969 489 1081 545 doli
1118 490 1504 561 exceptionem.
1545 492 1608 548 L.
1646 497 1698 548 εἰ
1730 498 1853 565 quis
1928 493 2047 549 loco
2081 493 2411 551 adversatur.
2452 494 2593 552 Nam
2634 494 2729 565 qui
2768 504 2941 551 contra
2980 504 3171 551 senatus-

516 587 640 623 νυνι
663 572 824 627 aliter
841 610 854 633 ‚
879 568 946 626 D.
970 570 1036 624 cie
1058 570 1199 624 verb.
1240 570 1343 625 obl.
1383 572 1565 641 Atque
1601 570 1703 626 hoc
1728 571 1852 643 qui-

1928 572 2239 628 consultum
2266 572 2555 643 pecuniam
2593 580 2835 629 mutuam
2868 574 3068 643 accepit.
3096 572 3174 629 etsi

519 648 648 702 dam
677 646 810 703 citra
839 647 1252 703 controversiam
1272 688 1287 712 ,
1327 649 1370 703 si
1403 648 1461 705 in
1493 650 1631 705 sacto
1658 666 1850 706 errans
1922 648 2047 720 jure
2070 650 2220 707 civili
2236 659 2385 708 tutus
2408 660 2503 716 est,
2528 662 2721 707 natura
2748 660 2915 707 tamen
2940 648 3173 721 pecuniam

521 726 816 796 putaverit,
843 743 897 783 sc
923 726 1137 787 debere,
1160 727 1294 782 dum
1323 735 1494 798 putat,
1517 727 1843 785 defunctum

517 805 780 877 accepisse
797 846 810 868 ,
835 805 985 877 quod
1011 820 1122 859 non
1163 803 1384 876 accepit.
1417 808 1486 862 At
1511 806 1648 877 quid
1668 847 1682 868 ,
1707 807 1751 864 si
1780 808 1839 863 in

512 883 636 953 jure
691 884 988 940 erraverit?
1045 884 1330 939 Liberatus
1363 885 1430 940 sit
1471 894 1628 957 puta·
1651 894 1841 956 pacto,

517 963 611 1016 sed
638 980 748 1017 non
777 970 959 1033 putet,
983 963 1054 1018 ad
1081 978 1200 1017 eam
1229 979 1342 1017 rem
1373 972 1593 1033 pactum
1623 965 1839 1019 nudum

485 1040 786 1116 sufficere,
827 1050 880 1097 et
921 1041 1022 1096 hoc
1057 1056 1238 1096 errore
1276 1040 1472 1097 iterum
1519 1042 1842 1113 promiserit.

520 1119 775 1176 Dicemus
825 1118 1187 1177 nihilominus
1217 1161 1230 1183 ,
1281 1136 1406 1175 eum
1473 1122 1841 1193 exceptionem

520 1198 856 1254 habiturum.
907 1198 1026 1254 Hoc
1075 1197 1312 1268 amplius
1361 1207 1418 1255 et
1459 1198 1841 1257 liberationem

517 1277 800 1333 condicere
823 1294 988 1348 posse.
1013 1278 1186 1348 quue
1213 1277 1287 1331 ita
1303 1276 1498 1333 diserte
1523 1294 1839 1349 responsum

517 1362 594 1410 cst
635 1356 694 1411 in
723 1372 962 1428 persona
993 1354 1108 1425 eius
1153 1354 1390 1421 heredis,
1431 1357 1563 1427 qui,
1601 1374 1731 1412 cum
1761 1374 1841 1413 re-

519 1433 678 1489 missa
705 1444 837 1491 esset
863 1434 911 1490 ei
938 1434 1210 1491 satisdatio
1248 1435 1549 1503 lecatorum
1587 1437 1844 1501 nomine,

520 1522 702 1568 tamen
733 1530 828 1585 per
851 1530 1090 1573 errorem
1115 1511 1254 1583 juris
1278 1514 1573 1569 satisdedit.
1601 1514 1663 1571 L.
1711 1516 1759 1571 1.
1784 1517 1844 1570 in

511 1594 687 1660 pn'nc.
731 1592 799 1648 D.
839 1599 900 1648 ut
935 1595 992 1647 in
1029 1608 1168 1661 poss.
1205 1592 1310 1658 leq.
1350 1593 1412 1648 ln
1457 1592 1598 1649 hanc
1633 1602 1847 1649 senten—

519 1668 656 1725 tiam
711 1670 880 1742 accipi
921 1672 1082 1726 debet
1100 1682 1124 1734 ,·
1149 1672 1297 1741 quod
1343 1669 1429 1726 his
1467 1672 1645 1728 verbis
1698 1672 1842 1729 idem

517 1748 854 1819 Papinianus
891 1748 1085 1805 scribit
1109 1750 1168 1805 in
1203 1748 1262 1804 L.
1287 1748 1532 1815 tiberem,
1557 1751 1626 1824 §.—
1659 1765 1840 1813 error,

517 1826 582 1881 D.
623 1830 693 1883 ad
731 1827 941 1884 munic.
979 1828 1158 1883 Error
1195 1829 1340 1891 eius,
1380 1831 1476 1898 qui
1515 1845 1568 1884 se
1617 1834 1841 1886 mirmici-

510 1918 632 1971 pem
649 1946 663 1969 ,
701 1916 797 1960 aut
846 1908 1088 1961 colonum
1125 1908 1444 1961 existimans·
1489 1922 1717 1962 munera
1769 1914 1843 1965 α’-

513 1984 654 2038 vilt’a
690 1994 1052 2055 suscepturum
1075 1986 1318 2041 ommim
1343 2026 1356 2049 ,
1377 1984 1729 2054 defensimtem
1744 1990 1843 2057 ju-

515 2062 595 2116 ris
631 2080 738 2119 mm
762 2064 1012 2120 excludit.
1053 2063 1309 2120 Enorem
1349 2062 1531 2133 accipe
1569 2065 1841 2133 generali-

513 2146 598 2197 ter
633 2152 746 2197 tam
783 2142 952 2214 juris,
987 2158 1158 2211 quam
1202 2141 1364 2207 facti,
1402 2156 1530 2196 cum
1557 2151 1751 2198 neuter
1777 2143 1836 2200 in

515 2219 736 2277 damnis
775 2221 1084 2278 amittendae
1123 2220 1199 2275 rei
1249 2236 1356 2275 suae
1410 2229 1612 2277 noceat.
1654 2220 1839 2293 Defen-

513 2302 712 2356 sionem
727 2304 882 2371 juris
911 2298 1168 2371 intelligit
1192 2298 1562 2370 exceptionem
1583 2300 1693 2355 doli
1713 2310 1836 2361 ,aut

516 2375 572 2431 in
619 2377 821 2435 factum
865 2379 1119 2434 adversus
1143 2377 1414 2433 actionem
1439 2395 1506 2432 ex
1531 2380 1839 2449 promissio-

512 2472 584 2510 ne
619 2456 741 2527 jure
783 2456 932 2511 civili
973 2456 1354 2520 constitutam
1393 2456 1522 2512 item
1573 2466 1628 2512 et
1651 2458 1838 2515 condi-

511 2533 746 2589 ctionem
775 2533 1110 2591 liberationis
1125 2574 1140 2598 ,
1161 2532 1208 2590 si
1233 2550 1367 2606 opus
1391 2546 1482 2591 est.

591 2613 746 2670 XIX.
796 2615 1094 2671 Videamus
1144 2623 1358 2678 tamen,
1410 2632 1480 2670 ne
1521 2613 1651 2672 huic
1693 2616 1831 2688 parti

511 2691 854 2756 adversetur,
879 2695 1027 2764 quod
1054 2691 1286 2760 legimus
1326 2694 1384 2750 in
1433 2693 1487 2748 L.
1522 2696 1620 2749 ult.
1661 2695 1733 2760 D,
1770 2695 1834 2750 de

513 2769 786 2828 Senatum.
812 2772 1081 2828 Macedon.
1105 2771 1230 2828 Illic
1253 2770 1404 2827 enim
1431 2773 1693 2844 scriptum
1719 2781 1795 2829 est
1812 2815 1827 2840 ,

509 2849 554 2905 si
583 2848 653 2912 is,
677 2849 764 2905 eui
782 2892 796 2915 ‚
823 2851 956 2906 dum
984 2850 1044 2906 in
1071 2857 1326 2920 potestate
1341 2849 1511 2923 patris
1534 2860 1684 2917 esset,
1711 2868 1829 2908 mu-

507 2933 606 2983 tua
644 2927 871 3000 pecunia
914 2931 1040 2985 data
1077 2928 1282 2996 fuerat,
1319 2929 1713 3002 paterfamilias
1752 2931 1829 2987 fa-

509 3013 626 3063 ctus
642 3047 656 3068 ,
681 3008 968 3064 novatione
997 3009 1152 3072 sacta,
1177 3025 1298 3064 eam
1327 3009 1612 3080 pecuniam
1638 3011 1825 3082 (quam

509 3086 718 3157 alioqui
745 3105 854 3143 non
871 3087 1106 3143 debebat
1129 3087 1339 3143 auxilio
1373 3088 1826 3144 senatusconsulti

511 3167 689 3238 tutus)
718 3165 1124 3237 expromiserit:
1145 3165 1195 3222 si
1221 3172 1436 3238 petatur
1462 3182 1528 3222 ex
1569 3183 1631 3222 ea
1656 3167 1828 3237 stipu-

508 3241 749 3298 latione:
805 3245 862 3300 in
917 3243 1124 3301 factum
1175 3245 1400 3316 quidem
1449 3246 1828 3316 excipiendam

506 3335 641 3406 esse:
667 3323 760 3377 sed
801 3322 1026 3380 additur
1064 3323 1334 3388 conditio,
1371 3323 1420 3380 si
1457 3323 1829 3396 expromit-:erit

569 3495 646 3564 (3)
670 3493 938 3548 Dissentit
975 3497 1062 3549 hic
1089 3499 1350 3549 Donellus
1375 3507 1555 3550 noster
1579 3515 1608 3548 a
1631 3513 1685 3548 se
1710 3497 1827 3566 ipso

1924 728 2099 785 debet.
2139 729 2203 785 L.
2227 733 2387 801 qvia,
2416 730 2481 785 D.
2518 732 2584 786 do
2626 731 2749 787 Seu.
2788 730 2916 785 Mae.
2950 729 3101 795 Quam
3120 730 3175 784 ob

1918 822 2137 862 causam
2167 820 2307 863 recte
2334 807 2535 863 dicturi
2560 825 2747 865 sumus
2766 851 2779 873 ,
2806 824 2923 863 eum
2954 805 3039 877 qui
3064 808 3177 861 labo-

1922 894 2005 940 ret
2032 887 2101 941 de
2124 902 2187 941 ea
2214 886 2439 957 pecunia
2470 887 2777 951 retinenda,
2800 903 2903 941 non
2937 894 3035 940 tam
3064 885 3179 939 labo-

1922 980 2041 1019 rare
2086 965 2154 1020 de
2194 966 2397 1021 damno
2434 964 2743 1022 amittendae
2778 963 2855 1021 rei
2892 979 3017 1027 suae,
3050 978 3181 1033 quam

1922 1042 1990 1095 de
2015 1044 2169 1098 lucro
2194 1062 2261 1099 ex
2292 1060 2348 1098 re
2373 1043 2573 1106 aliena,
2596 1046 2677 1099 vel
2706 1041 2799 1099 alii
2830 1042 2997 1098 debita
3022 1038 3185 1095 facien-

1922 1120 2008 1181 do.
2033 1138 2204 1191 quam
2230 1138 2327 1192 per
2350 1121 2687 1177 occasionem
2703 1121 2840 1193 juris
2854 1119 3014 1177 civilis
3032 1128 3186 1175 contra

1920 1200 2233 1269 aequitatem
2253 1202 2559 1257 naturalem
2588 1200 2819 1256 retinere
2832 1206 3051 1257 conetur.
3062 1197 3187 1265 Quod

1920 1278 1988 1333 ad
2022 1278 2173 1333 hunc
2195 1280 2377 1334 locum
2403 1295 2514 1335 non
2542 1278 2790 1350 pertinet.

2003 1356 2131 1411 XX.
2149 1354 2409 1413 Possessio
2434 1357 2627 1415 alienae
2656 1355 2979 1414 haereditatis
2998 1372 3055 1412 ex
3074 1370 3194 1411 sena-

1921 1435 2255 1491 tusconsulto
2280 1434 2571 1506 obstringit
2594 1452 2809 1500 omnes,
2834 1436 2961 1507 qui,
2983 1450 3093 1489 cum
3116 1432 3193 1491 sci-

1920 1520 2073 1575 rent,
2098 1514 2247 1571 bona
2272 1515 2341 1571 ad
2368 1530 2423 1570 se
2450 1530 2560 1570 non
2598 1516 2899 1585 pertinere.
2920 1530 2979 1569 ea
3010 1526 3197 1581 occupa·

1924 1599 2057 1649 runt
2075 1631 2090 1654 .
2115 1602 2177 1649 ut
2204 1591 2261 1649 in
2290 1593 2453 1649 rebus
2476 1592 2643 1650 etiam
2682 1592 2977 1665 deperditis
3012 1590 3197 1663 perinde

1922 1678 2237 1736 teneantur,
2263 1671 2419 1742 quasi
2449 1670 2799 1741 possiderent.
2824 1673 2887 1729 L.
2920 1672 3007 1727 scd
3040 1673 3121 1725 etsi
3140 1670 3197 1723 ls-

1914 1765 2009 1817 90,
2040 1748 2098 1821 S.
2122 1752 2264 1820 quod
2289 1754 2383 1815 ait,
2411 1750 2477 1805 D.
2498 1750 2563 1806 dc
2588 1750 2709 1808 Iter.
2734 1758 2848 1821 pst.
2886 1750 2978 1807 Est
3012 1746 3202 1817 aliquis.

1918 1827 2015 1898 qui
2066 1828 2166 1883 scit
2212 1828 2433 1893 omnia,
2476 1838 2691 1900 propter
2732 1845 2885 1900 quae,
2924 1827 2969 1883 si
3003 1828 3083 1898 jus
3116 1842 3201 1881 non
3284 1848 3288 1881 ε

1921 1905 2228 1974 ignoraret,
2266 1905 2403 1963 scire
2434 1918 2635 1979 posset,
2658 1925 2715 1965 se
2743 1907 3001 1965 heredem
3025 1922 3125 1962 uon
3144 1920 3206 1959 es·

1912 2002 2004 2049 se,
2054 1992 2217 2055 puta,
2258 2001 2387 2041 cum
2414 1985 2792 2044 haereditatem
2830 2004 2899 2043 ex
2932 1990 3207 2041 testamento

1916 2080 2073 2119 suam
2098 2079 2207 2120 esse
2233 2064 2465 2127 diceret3
2506 2063 2701 2129 sciret,
2740 2070 3061 2123 testamento
3098 2076 3207 2133 pm

1918 2140 2143 2198 teritum
2170 2159 2329 2202 suurn
2358 2142 2615 2199 heredem
2634 2184 2649 2209 ‚
2690 2150 2792 2202 aut
2826 2144 3005 2201 deesse
3034 2141 3210 2212 justum

1916 2236 2210 2277 numerum
2252 2222 2499 2287 testium,
2550 2228 2941 2280 testamentum
2984 2238 3087 2278 non
3124 2232 3213 2273 ems

1916 2308 2013 2354 aut
2050 2300 2433 2371 obsignatum,
2470 2308 2566 2356 aut
2606 2310 2926 2359 testatorem
2966 2300 3027 2355 in
3066 2297 3215 2355 aliena

1916 2385 2171 2449 potestate
2195 2376 2501 2443 decessisse,
2528 2380 2739 2451 quihus
2766 2380 2951 2437 modis
2992 2379 3054 2435 fit
3086 2386 3216 2433 testa-

1916 2464 2165 2513 mentum
2193 2462 2289 2515 aut
2331 2454 2623 2530 injustum,
2666 2466 2769 2515 aut
2816 2458 3055 2514 irritum.
3088 2452 3219 2511 Nihi-

1915 2535 2153 2593 lominus
2170 2545 2349 2610 .putat.
2376 2547 2519 2593 recte
2542 2536 2778 2603 factum,
2812 2538 2875 2593 in
2896 2539 3023 2610 jure
3046 2549 3220 2591 errans.

1912 2613 2131 2679 Placet,
2158 2615 2289 2674 huic
2316 2632 2428 2671 non
2472 2633 2663 2673 nocere
2706 2634 2955 2674 errorem
2992 2615 3144 2688 iuris.
3174 2620 3223 2666 ut

1912 2691 2011 2762 pro
2035 2693 2260 2758 sciente,
2300 2703 2353 2750 et
2394 2694 2647 2765 praedone
2692 2697 2993 2754 habeatur.
3028 2695 3143 2750 atet.
3179 2691 3226 2746 L.

1906 2773 1998 2827 scd
2034 2777 2162 2838 etsi,
2188 2773 2246 2844 S.
2274 2776 2438 2837 scire,
2474 2773 2541 2831 de
2566 2773 2680 2830 hor.
2714 2783 2831 2845 pet.
2876 2774 3007 2831 Nou
3044 2772 3145 2828 alia
3178 2769 3225 2824 id

1908 2852 2129 2920 quidem
2162 2853 2228 2908 de
2252 2867 2434 2908 caussa
2454 2891 2471 2914 ,
2496 2867 2666 2923 quam
2692 2853 2853 2926 quod
2892 2851 3084 2923 regula
3106 2847 3225 2920 iuris

1908 2930 2066 2993 facit,
2091 2947 2163 2986 ne
2189 2931 2276 2987 cui
2300 2929 2441 3000 juris
2462 2945 2617 2986 error
2643 2933 2703 2988 in
2732 2931 2971 2990 damnis
3004 2931 3231 2986 amitten-

1906 3009 1990 3063 da}
2016 3008 2093 3063 rei
2118 3025 2225 3066 sure
2256 3019 2460 3065 noceat.
2498 3008 2557 3064 Si
2594 3019 2786 3067 autem
2820 3010 2919 3068 hic
2952 3016 3228 3065 teneretur:

1908 3086 2156 3143 futurum
2182 3097 2338 3151 esset,
2368 3095 2427 3142 ut
2450 3087 2653 3144 damna
2697 3096 2897 3160 postea
2940 3085 3235 3156 contingen-

1906 3165 1980 3222 tia
2006 3165 2075 3220 de
2099 3182 2195 3222 suo
2222 3165 2524 3237 dependere
2550 3166 2801 3232 deberet,
2831 3175 3008 3241 atque
3038 3166 3111 3222 ita
3134 3177 3234 3220 rem

1904 3259 2059 3300 suam
2084 3244 2333 3302 amittere
2348 3285 2363 3310 ,
2386 3257 2559 3316 quam
2582 3247 2847 3304 nondum
2876 3245 3087 3305 amisit.

1906 3497 2038 3549 infr.
2063 3500 2179 3550 Lib.
2212 3511 2294 3548 ια.
2318 3501 2379 3553 C.
2406 3495 2488 3548 28.
