3327 5214
359 240 490 296 ΧΠ·
2436 286 2447 306 ,

358 344 784 439 singulari)
809 343 969 441 ejus
984 357 1286 440 partem
1310 346 1657 440 aliquam
1681 342 2116 414 aduenienti
2142 341 2244 412 ad
2256 355 2387 413 ‘vos
2422 339 2599 414 liu-‘c
2626 341 2898 440 hospiti
2920 367 3087 416 con·

359 441 684 530 cedatis,·
709 457 812 529 et,
841 447 1194 540 quoniam
1219 467 1266 511 a
1291 439 1484 514 vobis
1499 457 2007 540 perventurus
2030 457 2145 514 est
2168 443 2272 514 ad
2298 448 2487 514 alios
2495 447 2836 529 ‚solventi
2854 462 3083 542 portu

357 541 535 616 bene
579 559 986 642 precantes
1029 545 1447 639 patiamini
1497 565 1669 614 eum
1720 539 1857 613 sub
1906 538 2451 614 Illustrissimo
2496 547 2793 616 nomine
2845 559 3085 617 vestro

361 667 532 713 cum
587 641 844 714 eudem
881 646 1018 714 illa
1055 640 1564 714 benevolentia
1601 666 1993 740 apparere.
2040 638 2255 734 Quid
2279 658 2576 741 petam,
2614 657 2753 714 aut
2784 667 2929 716 cur
2952 669 3081 744 pe·

356 758 512 813 tam
565 765 712 812 non
763 748 1044 837 ignoro»
1095 737 1426 834 Quando
1477 747 1681 813 enim
1735 741 1999 814 stu-dia
2036 759 2339 816 -nostra
2406 757 2483 816 et
2554 746 2786 816 vitum
2846 759 3081 816 totam

353 847 644 937 gloriae
697 842 880 931 Dei,
915 858 990 914 et
1045 840 1504 939 reipublicae
1555 865 1650 914 ac
1692 849 2225 938 proximorum
2274 842 2752 915 utilitatibus
2802 851 3085 916 servire

354 947 702 1038 cupimus
715 968 747 1030 ;
781 966 927 1014 non
969 947 1246 1013 mirum
1284 947 1348 1014 si
1383 947 1594 1040 operi
1629 949 1986 1032 exituro,
2022 957 2111 1012 ut
2136 949 2385 1043 prosit
2420 959 2498 1014 et
2522 947 2875 1040 placeat,
2898 950 3083 1042 opti·

359 1067 478 1112 ma
515 1048 762 1114 omnia
796 1057 873 1115 et
887 1039 1170 1141 felicia
1207 1058 1506 1139 exopto.
1543 1041 1693 1130 At,
1728 1048 1878 1114 nisi
1893 1042 2159 1141 fallor
2186 1096 2208 1131 ,
2244 1042 2671 1114 melioribus
2720 1051 3081 1140 auspiciis

351 1146 596 1214 lucem
630 1142 1018 1240 adspicere
1054 1165 1202 1213 non
1229 1158 1516 1240 potest,
1550 1165 1783 1242 quam
1820 1149 2112 1216 vestris.
2150 1141 2653 1216 Felicioribus
2688 1158 2895 1215 certe
2928 1167 3079 1213 non

343 1257 632 1338 potest:
668 1241 942 1344 quibus
977 1242 1190 1314 Deus
1229 1257 1316 1315 ut
1351 1267 1686 1333 summa,
1720 1249 1831 1314 ita
1866 1259 1943 1315 et
1956 1239 2245 1342 felicia
2280 1247 2525 1314 omnia
2570 1238 2875 1341 publice
2915 1249 3079 1340 pri-

351 1348 728 1442 vatimque
785 1341 1032 1442 eff'use
1083 1357 1200 1425 est
1252 1346 1612 1440 largitus.
1674 1341 1827 1415 Sed
1883 1359 1972 1416 ut
2030 1348 2237 1439 operi
2304 1342 2506 1415 nihil
2578 1340 2755 1414 hinc
2804 1365 3079 1439 precer

349 1442 794 1514 admodum:
829 1459 1080 1515 tamen
1113 1445 1226 1514 vel
1264 1445 1417 1541 ipse
1455 1442 1578 1515 hic
1611 1449 1824 1514 locus
1843 1495 1865 1532 ,
1900 1449 1981 1515 in
2031 1466 2183 1543 quo
2234 1466 2345 1514 me
2385 1441 2595 1512 Deus
2644 1437 3075 1514 vocantibus

347 1558 427 1615 et
463 1559 766 1616 tantum
821 1567 964 1613 non
1017 1542 1675 1641 complectentibus
1705 1597 1727 1632 ‚
1750 1548 2065 1614 summis
2092 1541 2601 1617 voluntatibus
2627 1545 2899 1615 vestris
2932 1547 3079 1613 col-

346 1647 664 1732 locavit,
721 1649 888 1742 ipsa
949 1648 1187 1720 etiam
1222 1647 1361 1714 illu
1410 1667 1785 1742 propensa
1824 1643 2122 1731 studia,
2178 1665 2376 1744 quae
2446 1643 2549 1716 ad
2609 1639 2814 1712 hunc
2868 1638 3071 1714 diem

351 1741 445 1816 ab
499 1744 1012 1843 amplitudine
1049 1759 1294 1818 vestra
1355 1746 1563 1840 apud
1623 1767 1743 1814 uos
1800 1758 2037 1845 atque
2072 1741 2211 1819 hoo
2244 1747 2407 1816 loco
2448 1767 2612 1814 sum
2668 1757 3073 1838 expertuS,

350 1849 545 1915 satis
610 1868 721 1914 me
775 1857 1285 1931 commonent,
1317 1843 1425 1914 ad
1481 1867 1667 1944 quos
1714 1849 2192 1939 potissimum
2240 1840 2417 1931 hoc,
2470 1839 2856 1942 quidquid
2908 1857 3072 1932 est,

345 1967 614 2040 operae
639 1996 662 2033 ,
712 1959 1084 2044 tunquam
1112 1939 1539 2062 fructuum
1589 1947 1670 2013 in
1721 1949 1911 2039 agro
1964 1957 2207 2016 vestro
2256 1940 2635 2016 editorum
2677 1946 3073 2041 primitias

345 2041 691 2142 deferre,
722 2045 996 2142 quibus
1047 2041 1390 2116 dicatum
1441 2041 1853 2116 inscribere
1902 2041 2226 2130 debeam.
2258 2039 2463 2114 Nam
2514 2050 2581 2115 si
2636 2056 3072 2132 tunc‚·cum

343 2141 602 2216 adhuc
634 2171 684 2216 a
733 2141 930 2218 vobis
979 2165 1291 2243 corpore
1343 2141 1673 2218 abessem
1720 2147 2065 2240 longius,
2096 2164 2236 2215 nec
2290 2165 2403 2214 me
2457 2157 2794 2242 tempora
2835 2143 3071 2241 plane

346 2259 675 2316 vestrum
692 2241 884 2337 fieri
909 2266 1145 2341 passa
1177 2259 1465 2332 essent,
1500 2259 1757 2316 tamen
1791 2267 2123 2318 summae
2172 2241 2725 2318 benevolentiae
2776 2257 3069 2315 vestrae

345 2343 882 2437 testificatione
898 2396 919 2432 ,
943 2356 1017 2416 et
1029 2343 1352 2444 judiciis
1385 2348 1875 2442 amplissimis
1898 2360 2219 2417 ornatus
2238 2398 2259 2432 ,
2284 2341 2655 2436 ejusmodi
2678 2341 3062 2432 honorem,

338 2450 476 2538 qui
511 2447 714 2517 solus
749 2441 934 2516 mihi
987 2448 1330 2544 reliquus
1379 2459 1550 2517 erat
1563 2471 1597 2533 ,·
1635 2444 2187 2541 reprehendere
2238 2442 2501 2533 debui,
2538 2442 2771 2543 idque
2784 2437 3069 2540 facere

341 2551 421 2613 in
455 2548 610 2617 alio
657 2567 876 2645 opere
927 2565 1094 2617 sum
1143 2558 1503 2617 conatus.-
1539 2545 1733 2645 qnid
1785 2570 1897 2619 me
1946 2542 2450 2645 nuncfacere
2480 2555 2809 2644 oportet,
2844 2543 3067 2643 cujus

339 2651 945 2745 expectationem
997 2650 1440 2745 praesentia
1501 2661 1755 2719 vestra
1806 2651 2035 2744 longe
2094 2652 2487 2745 superavit
2525 2694 2547 2733 ,
2596 2668 2787 2739 erga
2844 2666 3067 2743 quem

327 2762 802 2842 praesentem
839 2750 1174 2819 eximiae
1209 2750 1637 2819 voluntates
1663 2763 1957 2820 vestrae
1980 2752 2225 2819 omnia
2264 2752 2463 2817 otnni
2488 2744 3065 2845 praedicatione

338 2848 626 2949 majora
665 2846 1144 2947 effecerunt?
1181 2846 1403 2941 Quod
1433 2852 1630 2921 enim
1686 2868 1929 2943 genus
1957 2844 2147 2946 fuit
2193 2845 2739 2933 humanitatis,
2772 2838 3065 2915 benevo-

333 2951 615 3021 lentiae
634 3000 655 3037 ,
691 2947 974 3021 addam
1005 2952 1238 3021 etiam
1275 2946 1583 3022 honoris
1600 2999 1623 3037 ‚
1657 2945 1862 3043 quod
1894 2953 1975 3019 in
2002 2958 2480 3045 praesentem
2530 2964 2677 3013 non
2700 2945 3015 3041 prolixe
3042 2996 3063 3029 ,

333 3054 822 3133 contuleritis
872 3049 1159 3138 dicam,
1195 3072 1299 3117 an
1402 3053 1600 3120 otius
1649 3042 2149 3146 effuderitis?
2182 3042 2386 3147 quod
2418 3040 2725 3142 quidem
2778 3040 3065 3115 homini

321 3154 626 3245 privato
659 3164 734 3226 et
777 3150 1053 3249 hospiti
1091 3175 1138 3219 a
1174 3152 1315 3221 tali
1367 3169 1455 3218 us
1489 3162 1568 3223 et
1601 3152 1846 3220 tantis
1898 3153 2081 3221 viris
2128 3151 2393 3219 liceret
2448 3159 2733 3241 optare.
2784 3140 2936 3215 Sed
2968 3140 3063 3213 de

334 3256 628 3323 meritis
677 3256 952 3324 vestris
1003 3274 1190 3343 erga
1227 3272 1338 3318 me
1391 3272 1540 3319 non
1589 3252 1993 3321 instituam
2026 3268 2228 3319 »tunc
2269 3248 2503 3344 plura
2540 3243 2815 3316 dicere.
2866 3242 3064 3312 Lon-

331 3354 610 3441 giorem
648 3356 848 3421 enim
906 3355 1048 3422 illa
1085 3364 1161 3422 et
1207 3346 1618 3423 uberiorem
1674 3353 2093 3421 orationem
2144 3345 2633 3434 desiderant,
2688 3366 2915 3444 quam
2970 3358 3059 3412 ut

337 3455 596 3548 capiat
635 3447 756 3522 bic
791 3454 998 3521 locus
1015 3477 1044 3538 ;
1081 3474 1214 3522 nec
1251 3474 1362 3522 me
1387 3456 1662 3547 paucis
1700 3452 2009 3522 illorum
2064 3446 2669 3544 magnitudinem
2702 3442 3053 3514 deterere

329 3572 654 3649 aequum
689 3565 825 3623 est.
851 3548 960 3623 Et
995 3574 1163 3623 vero
1177 3604 1200 3641 ‚
1225 3572 1367 3623 cur
1392 3548 1519 3624 hic
1551 3556 1717 3622 alia
1744 3555 2015 3623 merita
2036 3570 2593 3621 commemorem
2609 3544 2646 3613 Ρ
2674 3538 2849 3639 Ipsa
2872 3539 3057 3613 haec

327 3648 587 3721 studia
642 3663 943 3740 nostra,
976 3673 1172 3749 quae
1208 3650 1331 3725 hic
1370 3655 1454 3721 in
1487 3648 1780 3723 diverso
1814 3674 2088 3746 genere
2146 3645 2511 3720 bonarum
2556 3648 2849 3714 artium
2900 3644 3057 3713 ela·

325 3747 594 3823 borant
623 3802 644 3838 ‚
679 3754 890 3822 ultro
943 3754 1214 3839 etiam,
1269 3749 1699 3822 tacentibus
1757 3749 1963 3823 nobis
1988 3800 2009 3838 ,
2066 3754 2407 3821 clamant
2431 3798 2453 3835 ,
2509 3740 2698 3843 quid
2735 3738 2858 3813 hic
2892 3765 3051 3812 am·

315 3850 697 3949 plitudini
733 3868 1025 3923 vestrae
1062 3876 1108 3921 a
1143 3874 1220 3923 se
1256 3848 1641 3926 debeatur,
1684 3854 2037 3922 Aluntur
2086 3856 2286 3924 enim
2338 3850 2518 3933 illa,
2533 3840 3055 3942 foventurque

326 3950 683 4047 munifica
724 3951 1194 4024 liberalitate
1227 3977 1274 4021 a
1313 3950 1544 4024 vobis.-
1583 3968 1835 4024 vestra
1892 3950 2075 4024 haec
2126 3946 2543 4021 secundum
2576 3942 2829 4014 Deum
2874 3945 3053 4013 laus

321 4067 470 4142 est,
508 4067 836 4127 vestrum
869 4051 1312 4145 beneficium
1334 4104 1356 4139 ,
1391 4052 1594 4152 quod
1607 4048 1973 4152 feliciter
2008 4056 2091 4122 in
2124 4048 2247 4121 his
2280 4052 2463 4120 locis
2508 4042 2808 4142 publice
2840 4047 3055 4115 exci-

231 4182 243 4193 ·
321 4168 536 4241 tata,
568 4176 771 4225 nunc
821 4160 1063 4249 magis
1115 4178 1346 4255 quam
1397 4176 1779 4252 unquam,
1816 4159 2067 4225 ualere
2118 4174 2197 4223 se
2247 4164 2323 4221 et
2378 4152 2645 4243 vigere·
2681 4146 3045 4217 sentiunt.

321 4252 612 4348 Quidni
648 4259 940 4351 igitur,
974 4273 1454 4356 quacumque
1491 4273 1574 4327 re
1610 4258 1793 4326 licet
1814 4307 1835 4342 ‚
1870 4268 2225 4326 auctores
2260 4270 2433 4321 suos
2466 4259 2893 4344 agnoscant
2917 4294 2940 4330 ‚
2972 4259 3047 4317 et

321 4354 592 4453 quibus
625 4360 920 4429 cultum
959 4370 1346 4453 acceptum
1365 4351 1659 4452 serunt
1685 4408 1707 4443 ‚
1740 4378 2003 4429 eorum
2057 4373 2353 4453 quoque
2403 4347 2781 4446 dignitati
2836 4348 3050 4415 vicis·

319 4460 462 4528 sim
495 4480 644 4528 non
678 4462 996 4553 ingrata
1033 4456 1423 4529 serviant?
1457 4454 1632 4529 Sint
1666 4478 1847 4553 ergo
1884 4472 1959 4529 et
2012 4453 2195 4526 haec
2254 4474 2414 4524 mea
2450 4470 2639 4543 erga
2696 4449 3051 4543 amplitu-

319 4556 570 4629 dinem
605 4573 931 4631 vestram
967 4562 1076 4629 ita
1115 4556 1432 4656 affecta.
1460 4554 1566 4629 Et
1601 4572 1786 4629 sunt
1823 4560 2122 4627 omnino
2160 4560 2267 4623 ita
2308 4550 2659 4644 beneficio
2694 4546 2881 4634 Dei,
2916 4568 3007 4615 ac
3025 4592 3047 4626 ‚

318 4678 568 4757 spero,
601 4654 800 4731 nihil
837 4657 1018 4732 hinc
1051 4662 1586 4756 longinquitas
1623 4663 1981 4758 temporis
2014 4660 2333 4727 minuet.
2371 4650 2620 4723 Deum
2652 4670 2820 4735 oro>
2846 4660 2935 4717 ut
2968 4654 3045 4719 et

315 4762 398 4830 in
417 4780 498 4831 eo
509 4774 630 4851 ‚et
656 4765 739 4832 in
763 4756 1088 4855 publicis
1125 4763 1368 4856 operis
1405 4783 1735 4859 quar-um
1774 4767 1855 4833 in
1880 4762 2183 4858 partem
2224 4778 2337 4829 me
2374 4756 2731 4839 vocastis,
2760 4752 2861 4820 sit
2902 4751 3045 4818 uli-
