3327 5214
435 248 472 304 a
1257 193 1576 332 nocoms
1616 239 1930 301 nonnul
1970 231 2341 301 comm.
2420 220 2427 229 '
2638 191 2647 202 ’
3097 239 3152 296 ι

439 358 498 405 ιιι
533 348 836 405 concedam.
873 347 1019 415 Quid
1067 361 1193 418 ergo
1239 347 1299 404 in
1347 345 1448 402 illa
1493 345 1752 416 composi—
1824 345 2112 418 cujusque,
2148 341 2452 418 cuiusmodi
2476 342 2617 403 'mut
2640 344 2777 412 vita,
2810 349 3047 420 corporis
3070 349 3151 406 in-

435 427 579 482 tione
617 425 1013 482 desideramus?
1053 425 1108 482 Si
1151 425 1218 480 de
1257 425 1416 480 rebus
1461 421 1749 495 quaeritur:
1825 423 2136 486 columitas,
2160 423 2408 486 libertas,
2444 423 2782 483 existimatio.
2810 425 2883 484 At
2910 427 3023 482 haee
3052 443 3151 482 nu-

433 521 543 559 non
573 504 730 561 modo
760 504 927 567 nihil,
951 505 1042 560 sed
1066 504 1228 560 etiam
1253 503 1452 558 eaedem
1487 500 1639 558 illue·
1623 517 1749 572 npsae
1822 515 2015 572 squam
2053 517 2119 555 ex
2159 501 2414 570 professo,
2451 509 2546 557 aut
2570 511 2749 574 aperte
2773 504 2831 560 in
2870 504 3149 562 Pandectis

431 592 652 638 ressunt
663 583 890 652 ,quibus
913 583 1148 646 utimur,
1171 581 1241 636 ad
1265 595 1400 652 quas
1425 586 1481 636 et
1503 579 1604 652 ipsi
1627 587 1746 635 tum
1822 579 2020 656 tradin
2060 577 2309 650 reperias.
2346 577 2509 634 Initio
2558 581 2781 671 quidem
2833 592 3004 644 certe,
3052 582 3147 639 ubi

430 660 760 720 retinendas,
796 668 914 714 tum
951 659 1296 731 explicandas
1333 651 1654 713 accedimus}
1688 655 1747 712 si
1816 651 2059 713 maxime
2094 653 2470 719 conveniebat,
2508 656 2752 715 minime.
2787 660 2911 716 Iam
2952 659 3149 716 minui-

427 739 494 794 de
517 739 710 795 ordine
731 746 784 792 et
806 737 1171 794 collocatione.
1199 735 1524 807 requirimus
1545 735 1747 790 omnia.

505 815 574 872 11.
614 815 724 871 Cur
759 813 833 878 ita
861 813 1114 878 sentiam,
1137 815 1360 887 quando
1384 813 1473 868 hic
1497 812 1739 884 primum

425 894 682 950 monendi
697 895 956 956 locusest,
981 895 1164 964 paucis
1187 907 1466 963 exponam.
1491 889 1629 945 Cum
1651 891 1742 962 J'us

423 971 727 1044 civile,qua
754 981 902 1047 parte
925 971 993 1027 de
1013 972 1135 1044 jure
1156 985 1252 1025 suo
1276 970 1473 1042 cuique
1497 967 1741 1024 tribuen-

423 1049 492 1104 do
518 1049 782 1122 praecipit.
806 1049 866 1105 in
905 1049 990 1105 his
1027 1050 1240 1106 duabus
1264 1049 1448 1112 rebusu
1473 1055 1738 1117 tanquam

419 1128 688 1196 partibus,
713 1137 873 1196 atque
897 1127 997 1182 hoc
1019 1127 1210 1183 ordine
1236 1134 1497 1189 versetur,
1523 1124 1580 1180 in
1605 1125 1739 1197 eius,

418 1205 566 1274 quod
603 1205 864 1276 cujusque
900 1213 1003 1265 est,
1037 1203 1366 1276 cognitione,
1403 1213 1456 1260 et
1501 1202 1615 1274 ejus
1652 1217 1739 1260 co-

415 1282 556 1351 gniti
592 1282 876 1338 obtinendi
914 1281 1143 1347 ratione,
1191 1290 1254 1338 ut
1302 1288 1476 1352 postea
1527 1280 1737 1337 dicetur

419 1359 668 1429 pluribus
705 1375 800 1415 suo
838 1360 978 1416 loco:
1018 1359 1161 1417 nihil
1200 1375 1312 1415 non
1349 1359 1410 1416 in
1449 1358 1735 1415 Pandectis

415 1449 719 1508 perversum
745 1445 836 1500 est,
859 1437 1006 1509 quod
1045 1435 1306 1508 pertineat
1343 1437 1411 1494 ad
1453 1435 1734 1507 utriusque

414 1515 580 1585 partis
594 1522 710 1571 tum
724 1515 1128 1572 collocationem
1140 1559 1155 1582 ,
1171 1525 1288 1572 tum
1303 1513 1733 1604 explicationem.

413 1591 581 1656 Nam,
605 1609 730 1648 curn
752 1595 840 1666 jus
864 1603 1108 1650 nostrum
1133 1595 1392 1666 cujusque
1405 1591 1635 1663 positum
1661 1591 1731 1648 sit

409 1670 609 1740 partim
637 1669 695 1726 in
721 1687 942 1743 persona
971 1674 1082 1744 ipsa
1107 1673 1393 1744 cujusque,
1429 1670 1630 1740 partim
1666 1669 1729 1724 in

411 1749 569 1806 rebus
593 1749 850 1814 externis·
872 1751 1010 1822 juris
1031 1761 1214 1806 autem
1239 1747 1408 1805 nostri
1445 1746 1729 1806 obtinendi

409 1827 547 1882 ratio
585 1827 833 1884 consistat
858 1828 914 1883 in
940 1829 1184 1901 judiciis·
1208 1842 1431 1899 quaoeo,
1454 1841 1623 1897 quam
1663 1825 1731 1880 de

317 1927 320 1933 ·
409 1902 494 1958 his
531 1903 773 1978 partibus
809 1905 1086 1962 tradendis
1122 1913 1536 1996 praeposteram,
1559 1911 1611 1959 et
1635 1919 1732 1958 na-

408 1989 568 2046 turae,
603 1997 664 2038 nc
704 1993 856 2040 rectae
895 1982 1188 2054 cognitioni
1225 1981 1550 2038 contrariam
1581 1981 1728 2038 viam

405 2058 695 2116 instituunt
729 2062 1134 2133 compositores?
1173 2061 1281 2117 Hie
1317 2060 1468 2116 enim
1501 2058 1614 2122 illi,
1638 2059 1730 2116 de-

405 2135 584 2194 libatis
607 2137 781 2208 primo
817 2140 998 2210 paucis
1033 2139 1362 2212 quibusdam
1388 2137 1455 2194 de
1479 2153 1725 2210 persona-

402 2229 525 2270 rum
550 2224 716 2280 statu,
739 2224 790 2271 et
815 2233 996 2273 rerum
1023 2217 1310 2280 divisione,
1337 2217 1519 2274 statim
1547 2222 1721 2286 postea

401 2291 621 2349 initium
645 2291 852 2351 faciunt
888 2296 959 2350 ab
983 2311 1044 2351 ea
1070 2305 1244 2366 parte,
1281 2310 1422 2365 quae
1445 2302 1522 2350 est
1546 2293 1613 2349 de
1632 2295 1720 2366 ju-

399 2369 634 2434 dicibus,
659 2369 726 2425 de
746 2372 1144 2442 jurisdictione,
1167 2373 1235 2429 de
1261 2372 1318 2427 in
1340 2373 1429 2443 ius
1453 2371 1720 2436 vocando,

397 2455 450 2502 et
477 2447 634 2502 rebus
651 2447 922 2519 judicium
946 2451 1409 2514 antecedentibus,
1433 2448 1715 2521 exquibus

397 2524 732 2581 continenter
755 2527 954 2596 gradus
979 2529 1041 2583 fit
1065 2528 1134 2583 ad
1156 2527 1378 2599 judicia.
1402 2526 1714 2594 Quorsum?

395 2618 587 2673 nempe
622 2612 684 2661 ut
731 2602 822 2661 hic
875 2605 1032 2662 nobis
1065 2604 1335 2678 judicium
1377 2606 1717 2663 instruerent.

395 2678 552 2737 Unde
575 2692 628 2737 et
652 2682 718 2737 de
743 2683 1046 2741 actionibus
1070 2695 1180 2741 tam
1205 2684 1264 2741 in
1293 2700 1405 2740 rem
1423 2725 1438 2749 ,
1459 2700 1628 2755 quam
1655 2684 1715 2740 in

393 2772 672 2827 personam
688 2762 1056 2818 tractationem
1081 2762 1261 2818 statim
1287 2763 1600 2834 subjiciunt.
1613 2762 1713 2817 Er-

389 2851 458 2905 go
492 2836 760 2908 judicium
787 2838 926 2911 juris
949 2840 1114 2897 nostri
1139 2840 1420 2897 obtinendi
1446 2840 1710 2897 rationem

388 2913 686 2972 informant
711 2914 884 2987 prius,
908 2934 1105 2988 quam,
1128 2918 1262 2989 quid
1288 2918 1424 2975 emet*
1449 2918 1588 2991 juris
1612 2934 1711 2973 no-

385 2990 508 3054 stri,
544 2994 692 3063 quod
731 2994 791 3050 in
827 2996 1096 3067 judicium
1131 2996 1395 3051 deducere
1417 3010 1711 3067 possemus,

387 3083 482 3125 nos
520 3070 834 3129 docuissent.
863 3074 1163 3131 instituunt
1185 3074 1520 3145 petitionem,
1542 3089 1709 3145 quam

387 3162 591 3203 necesse
615 3150 684 3205 sit
711 3152 936 3207 omnino
961 3168 1068 3227 esse
1092 3152 1159 3209 de
1185 3168 1240 3207 re
1265 3161 1474 3217 nostra,
1499 3162 1593 3208 aut
1615 3166 1713 3206 no-

354 3224 469 3278 -bis
508 3226 718 3291 debita,
743 3220 1084 3302 priusquam,
1108 3248 1180 3288 an
1207 3240 1338 3287 esset
1363 3230 1574 3301 aliquid
1613 3246 1710 3285 no-

382 3310 585 3366 strum,
623 3314 718 3361 aut
755 3309 910 3364 nobis
947 3310 1217 3373 debitum,
1255 3318 1307 3365 et
1344 3310 1609 3381 quidnam
1651 3307 1710 3362 id

382 3389 537 3443 esset,
577 3380 1010 3455 intelligeremus.
1049 3386 1218 3458 Atqui
1269 3388 1344 3445 ita
1395 3404 1476 3443 ται
1525 3388 1712 3449 habet,

379 3466 562 3528 estque
599 3459 657 3515 id
697 3470 889 3519 natura
929 3466 1040 3535 ipsa
1079 3468 1136 3521 in
1180 3474 1418 3535 promtu,
1455 3480 1609 3535 cogn.
1597 3463 1713 3519 tio-

379 3550 504 3589 nem
526 3536 666 3608 juris
701 3540 959 3611 cujusque
982 3542 1275 3611 pratcedcre
1297 3552 1558 3613 oportere:
1583 3550 1703 3597 tum

378 3612 479 3666 hoc
517 3614 761 3684 cognito,
783 3620 981 3688 quaeri.
1005 3620 1276 3689 quomodo
1301 3620 1384 3683 id,
1417 3636 1591 3691 quave
1617 3618 1701 3675 via

374 3690 698 3747 obtineatur.

452 3767 550 3824 111.
590 3769 654 3824 In
695 3771 1033 3841 singularum
1077 3782 1255 3831 antem
1298 3776 1521 3832 istarum
1577 3790 1700 3847 par-

373 3846 515 3901 tium
537 3849 892 3918 explicatione
928 3853 1199 3922 quomodo
1238 3854 1550 3910 versantur?
1584 3855 1699 3916 Ita,

373 3933 432 3979 ut
473 3926 528 3981 in
559 3938 786 3999 utraque
811 3938 959 3998 parte
985 3931 1167 4003 magni
1194 3930 1424 4003 alicujus
1461 3933 1697 4003 corporis

369 4007 613 4061 membra
639 4021 694 4063 se
715 4007 1059 4063 obsteudant.
1080 4010 1170 4065 sed
1200 4010 1440 4067 membra
1465 4018 1697 4075 tantum,

366 4098 502 4153 saepe
541 4084 614 4141 ita
654 4084 899 4156 disjecta,
928 4096 980 4144 et
1005 4090 1187 4159 procul
1215 4106 1244 4143 a
1271 4104 1366 4145 suo
1377 4088 1564 4165 capite
1587 4089 1695 4145 dis-

362 4160 491 4227 sita3
517 4172 578 4217 ut
602 4163 818 4233 quidvis
842 4165 1042 4235 potius,
1065 4182 1231 4238 quam
1273 4183 1356 4221 ex·
1379 4166 1467 4223 his
1503 4178 1694 4239 eorpus

366 4238 568 4309 ipsum,
609 4244 763 4313 cujus
801 4244 1044 4300 membra
1069 4254 1241 4309 sunt,¹
1261 4259 1525 4317 agnosoes.
1575 4246 1693 4302 Pri-

363 4332 542 4379 mum,
567 4336 690 4373 cum
719 4320 785 4373 de
807 4323 957 4389 jure,
983 4334 1032 4377 et
1058 4332 1194 4377 statu
1219 4335 1458 4393 persona?
1496 4323 1693 4396 quaeri-

363 4404 477 4459 tur,
525 4408 730 4455 constat
766 4398 826 4456 in
867 4416 1086 4473 persona
1139 4402 1248 4473 ipsa
1291 4404 1544 4477 pleraque
1583 4418 1692 4459 esse

361 4532 566 4583 redacta
603 4536 730 4601 juris
765 4536 942 4589 civilis
976 4547 1254 4613 praecepta,
1287 4542 1378 4592 sed
1411 4558 1516 4592 non
1554 4541 1685 4593 satis

360 4598 1527 4665 artificiose.Ang.llrlattheac.L1b.1.de
1573 4610 1679 4661 Via

359 4666 464 4738 ..lur-
485 4684 605 4731 cap.
624 4680 703 4733 27.
727 4684 909 4717 omnes
934 4670 1041 4721 sere
1066 4670 1358 4721 neoterIcos
1375 4672 1679 4723 existimare

1823 742 1914 791 tur
1952 733 2011 790 id
2044 735 2135 807 jus
2174 733 2357 790 multis
2396 733 2580 796 rehtu.
2618 751 2785 807 quam
2817 737 3149 794 imminutio-

1812 826 1945 867 ·nem
1984 813 2055 870 ad
2093 821 2319 875 statum,
2352 819 2409 875 et
2439 811 2531 882 jus
2566 827 2915 886 personarum
2954 815 3013 872 in
3041 815 3150 887 pri-

1817 889 1921 946 mis
1958 891 2249 961 pertineres
2297 899 2530 960 apparet.
2584 889 2729 957 Quid
2770 893 2899 962 ergo
2934 887 3023 954 illi
3077 894 3149 950 de

1816 976 1925 1024 toto
1964 969 2065 1024 hoe
2100 981 2291 1039 genere
2329 959 2762 1024 imminutionis?
2802 971 2864 1024 ld
2890 969 3040 1043 quod
3080 987 3149 1028 ex

1812 1045 2041 1116 singulis
2066 1045 2447 1134 partibuslieet
2470 1045 2911 1124 animadvertere.
2937 1048 3150 1106 Minui-

1812 1133 1903 1183 tur
1940 1124 2177 1180 maxime
2212 1132 2379 1178 status
2403 1135 2637 1193 peu-soum
2661 1125 2939 1190 servitute,
2964 1133 3027 1181 ut
3053 1125 3147 1184 hic

1814 1203 2056 1258 incurrat
2092 1203 2241 1258 locus
2277 1200 2345 1255 de
2382 1201 2569 1262 servis,
2612 1218 2910 1274 eorumque
2949 1218 3147 1261 manu·

1808 1279 2181 1342 missionibus,
2218 1279 2420 1350 quibus
2458 1278 2596 1335 fiant
2632 1279 2841 1346 liberti3
2866 1281 3030 1337 simul
3072 1283 3144 1340 de

1812 1357 2049 1428 ipsorum
2086 1372 2389 1420 servorum,
2423 1363 2479 1412 et
2514 1355 2892 1423 dominorum,
2928 1367 3045 1416 tum
3069 1361 3143 1418 de

1810 1436 2155 1498 libertorum,
2188 1444 2244 1491 et
2276 1441 2627 1504 patronorum
2663 1435 2801 1507 J'ure.
2838 1436 3009 1508 Atqui
3047 1437 3142 1494 hie

1810 1513 1982 1577 locus,
2017 1513 2175 1584 quasi
2212 1511 2355 1568 nihil
2394 1510 2685 1582 pertineret
2722 1513 2791 1568 ad
2817 1512 3043 1570 titulum
3068 1516 3143 1572 de

1806 1599 1947 1646 statu
1986 1605 2361 1661 personarum,
2399 1589 2494 1667 qui
2541 1589 2598 1645 in
2642 1590 2911 1662 principio
2950 1591 3143 1663 primae

1806 1669 1973 1740 partis
2011 1665 2403 1725 pandectarum
2444 1675 2636 1732 exstat,
2686 1667 2777 1728 vix
2814 1669 3037 1727 tandem
3076 1671 3139 1726 in

1806 1757 1953 1806 sexta
1992 1755 2169 1818 parte.
2204 1747 2370 1816 idque
2418 1745 2595 1803 alieno
2641 1745 2786 1813 locu,
2834 1747 3143 1820 attingitur.

1808 1823 2081 1889 Minuitur
2104 1834 2159 1880 et
2178 1823 2267 1896 jus
2291 1839 2526 1895 personae
2551 1823 2723 1896 patria
2750 1823 3017 1896 potestate.
3058 1825 3144 1884 De

1808 1901 1908 1957 hac
1946 1901 2196 1974 quidem,
2242 1913 2295 1957 et
2340 1901 2456 1974 ejus
2502 1901 2724 1963 caussis,
2763 1903 2961 1976 'quales
3005 1913 3148 1964 sunt

1806 1981 2032 2051 nuptiae,
2056 1990 2107 2036 et
2131 1977 2381 2050 ado‘ptio,
2414 1980 2692 2036 comode
2726 1981 2905 2054 agitur
2942 1983 3144 2048 initio,

1806 2068 1858 2115 et
1894 2058 2117 2130 quidem
2143 2073 2239 2114 suo
2264 2059 2403 2121 loco,
2443 2057 2503 2114 id
2538 2067 2617 2114 est
2650 2073 2739 2124 eo,
2760 2058 2858 2115 ubi
2884 2060 2953 2116 de
2986 2068 3145 2123 statu

1800 2151 2149 2208 personarum
2202 2135 2481 2194 institutus
2529 2145 2608 2192 est
2652 2151 2842 2194 sermo.
2888 2137 2994 2196 Sed
3040 2139 3148 2212 jus

1800 2215 1914 2304 ejus
1938 2215 2203 2285 potestatis
2228 2223 2399 2270 toturn
2426 2209 2541 2268 illic.
2568 2214 2999 2284 praetermissum.
3024 2215 3144 2276 Mi-

1794 2293 1987 2350 nuitur
2012 2293 2139 2348 item
2166 2289 3141 2357 nonnihilt=1telis,eteu1·auonibus.

1792 2370 1995 2442 quibus
2034 2370 2209 2441 prima
2251 2379 2377 2428 aetas
2416 2369 2607 2440 subjici
2646 2369 2803 2434 solet;
2843 2387 3013 2442 quam
3053 2373 3140 2430 ob
3194 2390 3197 2396 ·

1788 2463 2030 2504 causam
2056 2448 2200 2504 etde
2236 2447 2320 2526 his
2356 2446 2690 2504 coniunctim
2730 2448 2789 2504 in
2828 2450 3138 2518 quaestione

1790 2527 1898 2582 de
1877 2543 1998 2599 Jure
2021 2516 2369 2598 personarum
2410 2533 2549 2580 recte
2588 2525 2643 2581 in
2685 2525 3135 2585 Institutionibus

1792 2605 1987 2676 agitur.
2025 2605 2099 2661 At
2124 2603 2219 2661 ubi
2257 2603 2325 2659 de
2364 2601 2449 2660 his
2482 2603 2665 2675 agitur
2702 2603 2760 2661 in
2802 2604 3131 2665 Pandectis?

1792 2684 1857 2739 ln
1884 2692 2077 2754 quarta
2104 2683 2327 2739 demum
2350 2689 2500 2753 parte
2528 2682 2583 2738 in
2611 2690 2849 2739 extremo
2873 2694 2987 2753 post
3012 2692 3125 2741 tra-

1786 2771 1987 2819 ctatum
2027 2761 2111 2818 de‘
2132 2760 2359 2832 nuptiiS,
2396 2760 2580 2823 cred0,
2618 2760 2747 2831 quia
2798 2776 2863 2815 ex
2913 2763 3121 2833 nuptiis

1788 2848 2085 2896 nascuntur
2108 2840 2265 2896 liberi
2280 2876 2294 2900 .
2318 2854 2455 2909 quos
2478 2838 2701 2902 deinde,
2726 2846 2934 2895 mortuo
2948 2848 3118 2910 patre,

1786 2926 1925 2974 recto
1941 2916 2131 2974 ordine
2152 2916 2352 2987 excipit
2375 2922 2601 2987 potestas
2624 2926 2887 2979 tutorum,
2902 2926 2999 2973 aut
3020 2932 3117 2973 cu-

1786 2995 2218 3067 ratorumzquasi
2244 3011 2365 3051 vero
2390 2994 2680 3067 quisquam
2708 2992 2826 3051 ideo
2848 2995 3001 3051 sitin
3031 3004 3117 3053 tu-

1788 3074 1891 3131 tela
1905 3115 1920 3135 ,
1934 3083 2027 3131 aut
2051 3074 2326 3129 curatione
2338 3112 2352 3136 ,
2365 3072 2498 3144 quia
2510 3072 2581 3131 sit
2592 3073 2765 3136 filius:
2780 3088 2841 3129 ac
2855 3090 2965 3129 non
2981 3073 3113 3146 quia

1787 3151 1881 3207 ille
1916 3153 1985 3208 sit
2025 3152 2293 3222 impubes,
2318 3150 2409 3206 hic
2432 3159 2528 3209 aut
2552 3150 2734 3207 minor
2758 3151 3113 3225 vigintiquin-

1784 3246 1896 3301 que
1929 3230 2113 3293 annis,
2150 3240 2245 3285 aut
2293 3229 2364 3292 is,
2412 3230 2511 3301 qui
2533 3228 2756 3301 ‘alioqui
2805 3229 2916 3287 suis
2952 3233 3108 3287 rebus

1785 3323 2052 3380 superesse
2076 3319 2183 3364 non
2217 3308 2401 3377 possit,
2414 3314 2478 3365 ut
2490 3306 2725 3378 profecto
2737 3308 2899 3363 tutela
2912 3348 2925 3365 .
2938 3317 2990 3363 et
3014 3324 3103 3362 cu-

1788 3402 1845 3442 ra
1852 3387 1925 3443 tio
1940 3402 2065 3441 cum
2080 3386 2285 3457 nuptiis
2310 3386 2467 3442 nulla
2490 3386 2868 3443 communione
2881 3386 3103 3455 conjun-

1785 3474 1999 3535 gantur.

1858 3542 1953 3599 1v.
1988 3542 2147 3609 Quod
2185 3540 2254 3597 ad
2294 3557 2376 3598 res
2412 3550 2565 3597 extra
2590 3552 2865 3611 personam
2907 3526 3103 3609 positas

1779 3620 1993 3685 attinet,
2018 3628 2095 3676 est
2120 3619 2329 3693 aliquid
2356 3627 2597 3676 nostrum
2635 3633 2743 3673 non
2784 3626 3003 3674 tantum
3042 3618 3100 3675 in

1776 3699 1935 3755 rebus
1973 3698 2217 3769 privatis,
2240 3699 2331 3754 sed
2356 3698 2518 3753 etiam
2542 3696 2600 3751 in
2624 3696 2815 3759 saeris,
2840 3696 3104 3767 religiosis

1774 3778 1997 3836 sanctis.
2020 3776 2266 3847 publicis.
2304 3778 2375 3832 Et
2411 3774 2632 3846 quidem
2658 3775 2891 3831 istarum
2917 3788 3102 3830 rerum

1774 3854 1965 3912 divisio
2002 3854 2079 3911 sie
2118 3854 2276 3910 initio
2314 3852 2631 3926 proponitur
2666 3854 2770 3909 sub
2804 3852 2969 3908 titulo
3014 3852 3103 3909 -De

1772 3932 1972 3989 Rerum
2008 3936 2278 3989 divisim.
2330 3929 2690 3987 Conveniebat
2728 3931 2777 3986 ei
2820 3930 3103 3997 divisioni,

1772 4018 1823 4066 et
1846 4012 1963 4067 loco
1986 4012 2228 4082 persequi
2252 4010 2467 4070 ordine.
2502 4022 2627 4079 quae
2660 4010 2859 4081 species
2880 4009 2996 4080 ejus
3018 4010 3103 4065 di-

1769 4090 1989 4146 visionis
2010 4100 2208 4153 essent,
2232 4098 2285 4145 et
2308 4104 2430 4160 quae
2453 4089 2560 4153 vis.
2582 4083 2893 4160 quodvejus
2916 4087 2975 4143 in
2990 4088 3103 4144 sin-

1768 4168 1925 4237 gulis.
1954 4169 2119 4239 Atqui
2147 4170 2214 4224 de
2237 4182 2425 4223 earum
2464 4168 2587 4239 jure
2625 4166 2767 4222 nihil
2811 4166 2889 4221 ibi
2930 4168 3101 4223 tradi-

1770 4253 1884 4309 tur,
1910 4263 1971 4301 ac
1998 4262 2066 4301 ne
2091 4247 2226 4303 alibi
2251 4246 2501 4316 quidem:
2521 4254 2647 4307 aut,
2670 4244 2714 4300 si
2752 4244 2889 4314 quid
2920 4244 3097 4309 alibi,

1766 4326 2063 4381 ostenditur
2092 4332 2331 4385 tantum,
2369 4324 2536 4380 veluti
2579 4338 2672 4394 per
2710 4332 3096 4387 transennam,

1769 4403 1935 4476 idque
1958 4396 2175 4465 alienis,
2200 4412 2251 4461 et
2278 4402 2517 4458 maxime
2537 4400 2736 4457 dissitis
2762 4400 2917 4462 locis,
2930 4410 3094 4471 atque

1764 4542 1935 4608 lorum
1970 4542 2205 4595 universi
2256 4540 2428 4593 eneris
2445 4540 2658 4600 seriem,
2674 4556 2831 4607 quarn
2864 4538 3089 4602 singula-

1764 4624 1877 4658 rum
1899 4608 2127 4674 partium
2152 4624 2185 4659 o
2248 4608 2397 4657 inem
2426 4607 2659 4658 intuitus
2691 4610 2791 4654 est.
2815 4600 2969 4655 Adde
2991 4600 3090 4652 Ba-

1761 4688 1876 4722 rou.
1902 4672 2053 4727 adL.
2093 4690 2170 4725 ιο.
2193 4674 2281 4742 ff.
2306 4670 2430 4726 de]
2400 4665 2597 4727 LetJ.
2624 4666 2825 4719 Muret.
2852 4670 3090 4720 inlr-‹12-

356 4744 457 4844 gis
465 4735 700 4805 nostrum
709 4734 1068 4806 composituri
1093 4734 1206 4787 sine
1231 4736 1442 4797 ordine,
1463 4744 1683 4801 excepto
1746 4737 1871 4804 fat·
1906 4744 2197 4794 Comment-
2232 4741 2303 4792 de
2338 4756 2485 4806 orig.
2498 4740 2622 4808 jur-
2648 4749 2697 4787 et
2737 4731 3093 4786 Briss.1·mtio

404 4792 608 4861 uJaciO,
632 4796 722 4863 qui
751 4804 921 4849 tamen
953 4800 1030 4863 ips
1007 4820 1098 4860 se,
1123 4802 1322 4867 iuquit,
1346 4774 1520 4867 pot'ius
1498 4802 1677 4852 stitu-

1746 4796 1875 4857 Βιᾉὸ
1920 4822 1964 4857 ι.
1997 4806 2065 4859 de
2100 4808 2273 4859 Soluc-
2311 4818 2408 4857 etc·
