3327 5214
481 302 662 344 caussa
682 328 695 349 .
735 293 794 344 ut
820 285 1178 344 nihilominus
1214 289 1481 360 pertinent
1515 287 1584 342 ad
1609 303 1795 342 omnes

479 367 720 438 ejusdem
762 367 996 434 generis.
1035 375 1129 424 anit
1165 364 1370 422 similes
1393 376 1510 422 tum
1537 381 1646 427 res.
1672 375 1791 422 tum

480 458 747 514 personas.
787 445 848 500 L.
886 447 1010 500 item
1047 445 1291 504 vestiunt.
1345 445 1404 518 S.
1443 447 1525 499 ait
1559 453 1795 506 manas,

484 523 548 576 D.
585 525 651 577 (le
691 523 818 578 λων.
853 529 959 592 pce.
1006 522 1060 578 L.
1091 537 1219 591 pen.
1259 522 1317 594 S.
1355 523 1454 578 ult.
1493 522 1558 576 D.
1595 522 1658 578 de
1675 523 1794 591 jur.

476 609 526 655 et
561 604 686 676 foca
723 603 839 669 ἧφι.
884 599 942 655 L.
987 600 1037 657 1.
1077 601 1136 672 S.
1173 600 1316 670 qvod
1337 601 1523 670 vulfo,
1560 599 1628 656 D.
1653 601 1793 656 tendo

475 681 548 733 vi.
591 677 740 732 Hinc
781 677 920 732 inud
973 687 1076 739 est,
1109 677 1256 748 quod
1296 677 1523 734 dicitur:
1559 677 1791 732 verbum

479 756 605 818 hoc,
643 760 692 810 si
715 759 836 827 quis
857 793 871 818 ,
891 761 1004 810 tam
1031 756 1292 810 masculos
1310 795 1325 817 ,
1347 771 1516 826 quam
1543 755 1791 810 foemines

474 833 772 905 complecti.
817 832 875 887 L.
912 833 1132 887 verbum
1187 832 1307 895 hoc,
1347 834 1391 888 si
1427 832 1578 904 quis,
1631 832 1701 888 D.
1724 835 1790 889 de

473 913 614 968 verb.
654 911 936 980 siqnifieat.
980 909 1364 982 Complectitur
1405 907 1476 985 (4)
1517 925 1628 966 non
1682 927 1794 966 ver-

473 991 530 1046 bi
571 989 989 1060 significatione.
1025 1003 1096 1044 ne
1129 988 1256 1059 quis
1297 987 1791 1060 interpretationem

473 1069 744 1131 derideat,
797 1067 886 1122 sed
940 1065 1210 1138 loquentis
1273 1065 1560 1122 sententia:
1611 1075 1674 1123 ιιι
1722 1068 1793 1124 sit

473 1163 683 1209 sensus,
731 1161 857 1200 cnm
912 1145 1000 1200 lex
1056 1143 1144 1199 his
1195 1144 1372 1200 verbis
1435 1145 1634 1216 scripta
1688 1157 1791 1208 est,

469 1227 520 1278 st·
555 1227 702 1296 qvis:
726 1223 898 1292 legem
939 1238 1048 1279 non
1091 1223 1265 1278 solum
1305 1223 1374 1278 dc
1408 1224 1673 1286 masculo,
1698 1225 1789 1281 sed

469 1310 522 1356 et
547 1303 614 1358 de
643 1299 864 1357 soemina
890 1299 1260 1372 accipiendam
1287 1315 1418 1356 esse:
1441 1300 1572 1373 quia
1601 1302 1679 1358 ‘sit
1700 1319 1787 1358 ea-

468 1379 592 1434 dem
633 1379 796 1442 ratio,
832 1378 877 1435 si
918 1379 990 1435 ob
1026 1387 1226 1435 certam
1265 1395 1506 1435 caussam
1530 1379 1619 1436 lex
1659 1397 1787 1437 eon-

467 1459 649 1514 stituta
689 1469 793 1520 est.
830 1473 954 1529 quoe
1003 1473 1186 1514 caussa
1233 1457 1434 1528 pariter
1478 1457 1550 1514 sit
1587 1456 1646 1513 in
1692 1460 1786 1515 toe-

468 1536 659 1597 minis.
701 1545 763 1592 ut
791 1537 853 1591 iit
877 1535 936 1592 in
963 1535 1136 1592 edicto
1173 1535 1242 1590 de
1267 1535 1494 1606 negotiis
1521 1537 1693 1607 gestis.
1724 1537 1785 1594 L.

468 1612 522 1668 3.
549 1618 608 1669 in
643 1618 818 1686 prim.
848 1615 917 1670 D.
955 1615 1020 1670 de
1057 1629 1180 1684 neq.
1215 1622 1347 1684 qest.
1371 1613 1478 1670 Sed
1515 1616 1783 1686 exemplo-

465 1707 588 1746 rum
632 1693 756 1763 plus
800 1693 954 1756 satis,
992 1709 1116 1764 qum
1163 1692 1300 1748 alibi
1353 1693 1549 1764 passim
1597 1709 1783 1750 occur·

465 1778 601 1825 rent.

551 1847 676 1902 vll.
713 1847 858 1904 Illud
889 1849 946 1905 in
975 1848 1076 1905 hac
1113 1848 1464 1919 productione
1501 1849 1632 1920 legis
1666 1849 1783 1906 ani-

469 1925 921 1982 madvertendum
959 1937 1053 1988 est.
1090 1929 1240 1999 quod
1277 1935 1355 1983 est
1393 1929 1450 1984 in
1492 1929 1554 1983 L.
1577 1934 1628 1984 et
1663 1929 1783 1984 ideo

467 2005 536 2058 de
577 2004 676 2066 his,
719 2005 778 2060 1..
815 2021 960 2068 nam,
995 2012 1057 2061 ut
1093 2009 1186 2068 αιί,
1224 2006 1294 2062 D.
1329 2006 1392 2060 de
1429 2005 1586 2074 leqt‘b.
1609 2005 1782 2076 legem

465 2097 533 2134 ex
588 2082 850 2138 sententia
891 2091 944 2140 et
991 2084 1200 2142 ratione
1251 2082 1472 2154 produci
1525 2083 1594 2138 ad
1633 2084 1783 2140 simi—

465 2159 543 2214 les
581 2175 792 2215 caussas
829 2162 1006 2218 tribus
1059 2159 1260 2224 modis,
1311 2160 1783 2233 interpretatione.

459 2237 865 2308 jurisdictione,
899 2240 1278 2296 constitutione
1313 2239 1587 2311 principis.
1620 2240 1779 2308 Quod

467 2313 608 2370 hane
643 2317 966 2374 sententiam
1021 2317 1212 2380 habet,
1251 2326 1314 2374 ut
1349 2318 1419 2373 sit
1467 2316 1782 2390 interpreta-

463 2392 542 2448 tio
565 2394 938 2463 quorumlibet
975 2397 1268 2458 sententia.
1303 2405 1358 2452 et
1404 2395 1613 2452 ratione
1651 2396 1783 2468 legis

467 2472 753 2536 utentium
789 2472 1094 2544 jurisdictio
1127 2483 1420 2545 praetorum
1458 2473 1630 2544 legem
1670 2475 1782 2531 edi-

463 2559 548 2604 cto
601 2550 672 2604 ad
727 2550 865 2606 alias
901 2567 1112 2609 caussas
1146 2551 1595 2624 producentium,
1645 2569 1781 2625 qno-

466 2628 626 2683 modo
677 2628 938 2685 dicuntur
990 2631 1252 2693 actiones.
1299 2647 1424 2703 quae
1473 2648 1540 2687 ex
1603 2632 1779 2689 edicto

463 2706 706 2775 pra-toris
743 2708 986 2771 veniunt,
1013 2724 1080 2764 ex
1100 2708 1479 2780 jurisdictione
1511 2724 1620 2766 esse
1643 2725 1779 2780 pra·-

463 2784 594 2839 toris
629 2784 688 2857 S.
728 2787 820 2841 sed
870 2794 920 2841 et
967 2790 1112 2849 isto,
1149 2786 1278 2844 Inst.
1329 2789 1394 2844 de
1431 2794 1532 2843 act.
1571 2788 1777 2845 Consti-

461 2862 598 2917 tutio
637 2863 897 2934 principis
946 2865 1080 2936 quid
1119 2865 1219 2929 sit,
1255 2874 1448 2922 notum
1501 2875 1593 2923 est.
1641 2868 1773 2934 Qum

460 2940 685 3010 quidem
725 2957 904 3013 neque
953 2958 1077 2999 cum
1117 2943 1408 3015 prioribus,
1443 2958 1620 3015 neque
1659 2945 1773 3017 ipsa

461 3018 606 3074 inter
653 3034 710 3073 se
758 3020 936 3091 prima
991 3021 1128 3077 facie
1189 3022 1444 3078 videntur
1493 3022 1773 3079 cohaerrrc.

461 3096 604 3151 Nam
645 3098 906 3153 hactenus
943 3098 1188 3155 effectum
1227 3107 1306 3156 est
1320 3142 1335 3163 ,
1385 3100 1518 3172 legis
1565 3110 1777 3157 senten-

461 3174 592 3229 tiam
651 3175 851 3247 porrigi
891 3193 1070 3249 posse,
1123 3188 1176 3233 et
1225 3178 1420 3235 dehere
1458 3181 1528 3235 ad
1577 3179 1780 3235 similes

461 3268 614 3307 casus
649 3253 812 3310 etiam
853 3256 1050 3327 privati
1102 3257 1336 3329 cuiusvis
1389 3256 1781 3328 interpretatio-

465 3340 563 3391 ne,
603 3331 696 3391 id.
730 3334 874 3402 quod
917 3343 970 3390 ct
1007 3335 1065 3391 in
1107 3334 1208 3390 ista
1248 3334 1534 3406 partitione
1571 3334 1779 3405 signifi-

461 3417 632 3462 eatur.
685 3410 882 3480 Atqui.
919 3412 963 3469 si
1001 3413 1207 3483 privata
1247 3414 1683 3485 interpretatione
1718 3414 1776 3471 id

462 3485 600 3540 effici
643 3496 828 3557 poten.
865 3504 972 3545 non
1013 3499 1092 3547 est
1119 3492 1510 3549 necessaria-ad
1547 3508 1665 3549 eam
1696 3493 1778 3549 in-

462 3564 892 3634 terpretationem
945 3569 1376 3626 constituendam
1427 3580 1523 3627 aut
1556 3571 1778 3643 iurisdi-

462 3641 586 3701 ctio,
625 3658 714 3697 sen
755 3643 990 3701 edictum
1031 3650 1296 3719 pra-toris.
1333 3657 1429 3704 aut
1466 3650 1777 3706 constitutio

459 3719 733 3790 principis:
772 3730 882 3785 aut,
919 3723 962 3778 si
1001 3726 1296 3781 necessaria
1331 3737 1426 3787 est.
1463 3727 1668 3797 privata
1698 3728 1778 3783 in-

461 3798 772 3866 terpretatio
803 3801 1028 3857 tollitur.
1067 3804 1170 3859 Sed
1197 3805 1456 3861 dicuntur
1493 3814 1633 3861 recte
1660 3805 1777 3859 haec

457 3876 642 3931 omnia
697 3878 809 3933 suis
845 3881 1257 3937 conditionibus.
1299 3882 1404 3938 Ubi
1445 3883 1582 3939 ratio
1621 3883 1777 3953 legis»,

458 3960 586 4007 nota
627 3962 720 4017 est,
757 3964 809 4011 et
847 3968 1082 4029 apparet,
1121 3960 1179 4017 in
1220 3960 1344 4017 aliis
1381 3959 1593 4015 casibus
1629 3976 1773 4017 cam-

457 4030 580 4085 dem
620 4046 768 4088 esse:
823 4032 912 4090 hic
966 4036 1054 4092 lex
1093 4038 1162 4093 ad
1216 4037 1418 4093 similes
1467 4053 1620 4095 casus
1655 4038 1775 4094 sine

458 4110 565 4164 alia
619 4111 890 4181 superiore
925 4115 1338 4173 confirmatione
1389 4128 1506 4171 non·
1555 4125 1773 4175 tantum

457 4186 782 4259 porrigitur,
821 4192 914 4248 sed
963 4202 1018 4249 et
1055 4194 1258 4266 porrigi
1295 4194 1470 4251 debet.
1524 4193 1632 4253 Hic
1682 4212 1775 4251 ne-

459 4406 606 4476 signu.
653 4406 742 4469 qui
771 4444 786 4465 ,
840 4406 964 4459 licet
1020 4411 1160 4461 hunc
1204 4428 1350 4459 usum
1407 4416 1462 4461 et
1504 4410 1624 4459 aliis
1676 4428 1767 4459 au-

459 4470 691 4519 ctoribus
748 4472 986 4521 crebrum
1047 4476 1302 4537 fateatur:
1349 4482 1524 4526 tamen
1557 4476 1613 4525 id
1648 4474 1765 4527 fieri

458 4546 885 4609 καταχρηστιηῶς
906 4580 926 4603 ,
966 4552 1020 4595 et
1049 4564 1148 4611 per
1181 4548 1561 4607 extensionem,
1580 4568 1679 4627 per
1704 4551 1764 4599 L.

465 4608 575 4672 1952
605 4630 695 4681 pr.
719 4614 870 4661 verb.
890 4618 1226 4681 pot-rigitur,
1247 4616 1316 4667 de
1347 4620 1414 4669 V.
1438 4620 1495 4665 S.
1523 4616 1665 4667 Dias.
1690 4617 1766 4665 ln-

458 4680 515 4721 te
547 4670 738 4725 Goedd.
776 4678 852 4729 ad
886 4679 945 4727 d.
984 4682 1044 4731 L.
1102 4694 1144 4729 t.
1181 4696 1334 4746 quem
1389 4682 1527 4731 vide.
1584 4679 1767 4732 Aliter

459 4733 610 4786 Bata.
646 4744 721 4791 nd
756 4744 818 4792 L.
869 4746 1141 4811 qm'sqm's,
1173 4746 1236 4796 C·
1271 4745 1348 4797 ad
1392 4750 1457 4798 L.
1491 4749 1606 4799 Jul-
1643 4750 1767 4801 Ma-

1289 177 1614 242 memus
1649 179 1965 242 uomitu
2004 175 2375 239 COMKOENT.

3046 179 3139 240 12⁰

1873 303 1981 359 que
2004 285 2377 359 jurisdictione
2401 281 2641 356 praetoris
2662 279 2811 348 olim.
2828 297 2991 356 neque
3012 301 3141 342 nime

1870 363 2245 422 constitutione
2306 363 2563 435 principis
2614 374 2747 434 opus
2778 371 2883 426 est.
2918 373 2972 420 ut
3018 372 3142 434 patet

1874 458 1937 498 ex
1976 445 2031 500 d.
2071 444 2132 499 Ι..
2169 443 2328 505 illua,
2368 443 2435 498 D.
2472 443 2548 498 ad
2586 441 2686 511 leq.
2726 440 2899 512 Aque.
2940 441 2991 498 1..
3012 445 3055 496 st·
3072 443 3147 506 td,

1871 524 2025 592 qnod.
2072 521 2132 576 D.
2168 522 2233 576 de
2265 521 2468 592 jarina.
2514 519 2571 574 L.
2606 523 2803 581 oratio,
2830 519 2889 574 D.
2912 516 2970 574 dc
2992 535 3140 590 mous.

1872 599 1941 655 Et
1990 598 2196 656 merito.
2235 599 2325 654 Sic
2362 598 2513 654 enim
2562 597 2627 652 iit
2662 598 2809 668 quod
2860 593 2943 654 lex
2976 597 3141 656 voluit.

1868 677 2135 734 Voluntas
2172 677 2304 746 legis
2356 677 2445 732 lex
2480 685 2579 731 est.
2613 673 2694 732 lta
2732 677 2825 738 fit,
2872 681 2933 731 ut
2966 671 3019 730 in
3054 672 3142 732 hac

1869 755 2247 826 productione,
2284 755 2423 810 sicut
2462 755 2716 808 -voluntas
2766 751 2923 823 legis.
2964 748 3033 808 sic
3066 751 3143 810 lex

1866 835 2103 890 maxime
2156 841 2513 890 conservetur.
2564 830 2723 898 Quod
2776 831 2925 888 facilc
2972 829 3143 902 privati

1868 927 2053 968 omnes
2090 925 2201 967 non
2238 913 2413 966 solum
2452 919 2701 981 possunt.
2739 911 2828 965 sed
2874 909 3023 964 etiam
3068 909 3145 968 tle-

1870 989 2063 1054 beant,
2100 996 2263 1060 atque
2300 989 2431 1046 adeo
2465 989 2742 1059 jubentur.
2791 986 2852 1044 L.
2896 988 2949 1042 2.
2996 985 3059 1044 1).
3090 989 3146 1042 do

1868 1067 2027 1138 legib.
2080 1069 2183 1124 Sed
2238 1069 2525 1124 obscurum
2566 1071 2643 1122 est
2698 1065 2993 1125 interdum.
3026 1081 3145 1123 num

1870 1144 1927 1202 in
1966 1146 2204 1210 casibus,
2241 1145 2337 1217 qui
2376 1141 2581 1202 similes
2630 1143 2917 1204 dicuntur,
2952 1143 3148 1206 eadem,

1868 1231 1963 1280 ant
1998 1240 2099 1296 par
2134 1224 2275 1280 ratio
2308 1224 2395 1280 sit.
2429 1221 2585 1290 Quod
2626 1218 2671 1278 si
2712 1225 2791 1286 tit,
2824 1231 2877 1276 et
2913 1220 3029 1276 aliis
3062 1237 3149 1291 par

1866 1301 2124 1365 videatur.
2160 1301 2283 1358 aliis
2323 1303 2533 1358 minus:
2572 1301 2766 1370 poterit
2802 1298 3051 1356 sententia
3085 1299 3150 1354 le·

1860 1381 1945 1448 gis
1980 1383 2047 1436 ad
2088 1396 2177 1436 eos
2200 1395 2353 1436 casus
2379 1377 2595 1451 porrigi:
2622 1379 2712 1436 sed
2754 1377 3057 1433 confirmari
3081 1377 3151 1432 in-

1860 1457 2294 1530 terpretationem
2334 1455 2647 1514 auctoritate
2684 1455 2903 1529 publica
2938 1463 3123 1526 oportet
3136 1493 3153 1518 ,

1862 1536 1920 1592 id
1956 1547 2035 1594 est
2072 1543 2166 1592 aut
2200 1535 2577 1607 jurisdictione
2614 1544 2667 1591 et
2704 1533 2897 1596 edicto,
2932 1542 3023 1590 aut
3041 1549 3152 1588 con-

1858 1615 2136 1672 stitutione
2174 1614 2449 1686 principis,
2500 1623 2562 1668 ut
2601 1629 2697 1684 pro
2733 1613 2858 1684 jure
2896 1611 3153 1667 halieatur.

1858 1694 2007 1748 Olim
2026 1735 2040 1754 .
2074 1709 2205 1749 cum
2256 1701 2507 1763 praetores
2558 1691 2734 1748 edicta
2787 1688 3155 1761 jurisdictionis

1858 1781 2123 1842 perpetim
2160 1787 2345 1828 caussa
2382 1785 2677 1842 proponere
2716 1777 2975 1840 poterant.
3013 1775 3069 1824 ut
3088 1775 3155 1822 est

1862 1847 1917 1904 in
1965 1849 2023 1906 L.
2062 1854 2111 1906 εἰ
2145 1853 2267 1921 quis
2302 1851 2380 1912 id,
2414 1849 2587 1920 quod.
2625 1848 2693 1904 D.
2732 1850 2799 1904 de
2828 1847 3025 1918 jon-tna.
3059 1843 3156 1900 sul*-

1854 1928 2075 1984 {icicbat
2148 1944 2335 1986 eorum
2402 1927 2638 1984 edictum
2704 1936 2761 1983 et
2822 1923 3158 1982 confirmatio.

1862 2006 1991 2062 flaec
2029 2007 2129 2065 ubi
2165 2023 2277 2064 non
2303 2003 2611 2070 intervenit,
2646 2013 2710 2061 ut
2732 2021 2872 2076 saepe
2906 2003 3035 2058 olim
3059 2016 3157 2056 non

1858 2083 2263 2148 interveniebat,
2298 2091 2351 2141 et
2374 2099 2527 2140 nuno
2550 2099 2659 2140 non
2684 2091 2873 2155 potest,
2895 2089 3157 2154 pneumam

1855 2163 2085 2219 exolevit
2131 2162 2317 2220 omnis
2366 2163 2465 2220 ista
2515 2171 2805 2233 praetorum
2860 2159 3159 2220 auctet-iun

1856 2240 2163 2298 constitutio
2214 2239 2475 2314 principis
2526 2240 2825 2296 necessaria
2878 2247 2969 2294 est.
3019 2234 3160 2306 Legis

1858 2320 1927 2374 ad
1962 2316 2167 2374 similes
2204 2335 2357 2375 casus
2391 2316 2771 2390 jurisdictione
2818 2317 3083 2389 produt-tat
3114 2329 3161 2370 c-

1860 2396 2139 2467 xemplum
2165 2397 2428 2454 habemus
2452 2397 2511 2452 in
2538 2395 2847 2452 actionibus
2872 2397 2929 2450 in
2958 2395 3162 2451 factum.

1854 2489 1993 2546 quas
2011 2475 2191 2532 reddit
2207 2483 2403 2546 pretor
2418 2475 2853 2535 aecemmodatas
2876 2470 2981 2542 legi
3006 2469 3161 2542 Aqui-

1856 2554 1973 2621 liae,
2008 2571 2145 2625 quas
2184 2551 2256 2610 ita
2298 2555 2494 2616 reddit.
2532 2553 2667 2609 dum
2704 2553 2926 2624 supplet
2976 2551 3031 2606 in
3080 2565 3165 2618 eo,

1853 2634 2000 2703 quod
2042 2633 2145 2703 legi
2198 2633 2343 2691 deest
2368 2674 2383 2695 .
2420 2641 2485 2689 ut
2520 2631 2681 2688 estin
2746 2632 2803 2687 L.
2850 2634 2983 2702 qtn'a
3020 2630 3164 2683 aetio-

1852 2727 1999 2775 num,
2024 2712 2093 2768 D.
2122 2712 2189 2767 de
2212 2716 2503 2782 prompt.
2527 2710 2667 2766 verb.
2680 2710 2867 2780 quue
2898 2706 3028 2765 iacit
3062 2704 3165 2763 cdi·

1850 2798 1951 2845 cto.
1968 2789 2110 2847 Nam
2125 2797 2187 2847 ut
2212 2788 2649 2859 interpretatione
2683 2790 2803 2845 sola
2842 2787 3050 2859 privato
3064 2782 3167 2841 cui-

1848 2882 1959 2937 que
1980 2867 2330 2924 mnveniente
2354 2866 2409 2923 id
2438 2866 2647 2929 faceret.
2662 2882 2776 2921 non
2794 2882 2896 2936 pm
2920 2870 3166 2936 potestate

1850 2948 2121 3016 praetoris:
2158 2945 2301 3001 nihil
2344 2960 2551 3001 necesse
2599 2943 2705 2999 fuit
2742 2945 2816 3001 de
2854 2950 3077 3015 praetote
3112 2940 3167 2997 id

1850 3023 2059 3085 dicere,
2094 3022 2355 3095 quoniam
2396 3024 2503 3079 hoc
2542 3020 2721 3093 quivis
2770 3022 2979 3092 judex.
3016 3029 3167 3089 atque

1853 3102 1986 3157 adeo
2022 3102 2201 3172 quivis
2244 3102 2477 3171 privatus
2514 3100 2941 3171 jurisconsultus
2974 3099 3171 3155 faceret.

1852 3178 1985 3245 Qua·
2024 3190 2204 3235 autem
2233 3180 2318 3235 hie
2356 3179 2465 3235 sint
2488 3178 2750 3241 actiones,
2776 3188 2833 3235 et
2856 3194 3029 3249 qnam
3064 3190 3171 3231 scn-

1856 3258 2036 3314 tentiae
2078 3259 2209 3327 legis
2234 3258 2471 3328 Aquiliae
2496 3256 2853 3319 conveniant.
2894 3264 2993 3311 aut
3014 3268 3169 3327 quam

1854 3336 1925 3391 ab
1950 3352 2009 3391 ea
2038 3338 2305 3397 recedant.
2330 3336 2635 3391 declaratur
2662 3334 2719 3389 in
2750 3336 2813 3407 S..
2838 3336 2941 3390 ult.
2967 3333 3093 3389 Inst.
3116 3334 3173 3387 de

1852 3416 1957 3482 leq.
1994 3412 2171 3485 Aqteil.
2210 3415 2415 3483 Legum
2440 3411 2826 3469 constitutione
2868 3414 2939 3467 ad
2982 3409 3172 3467 similes

1852 3508 2007 3548 casus
2030 3494 2401 3549 traductarum
2444 3498 2659 3563 propter
2682 3490 3075 3547 obscuritatem
3099 3504 3176 3543 ra-

1852 3572 2015 3627 tionis
2040 3572 2319 3643 complura
2346 3570 2591 3640 exempla
2618 3576 2828 3634 extant,
2854 3577 2920 3625 ut
2945 3568 3004 3624 in
3047 3566 3104 3623 L.
3130 3565 3175 3621 1.

1854 3650 1913 3705 (7.
1938 3648 2001 3704 de
2040 3652 2298 3705 interdici.
2332 3650 2385 3704 L.
2410 3664 2517 3702 non
2542 3649 2670 3708 sine.
2716 3648 2779 3705 C.
2818 3649 2887 3703 de
2928 3647 3045 3703 bon.
3066 3658 3175 3717 quw.

1853 3728 1946 3785 tio.
1980 3728 2033 3783 L.
2058 3729 2156 3783 ult.
2184 3729 2241 3783 C.
2268 3729 2341 3781 od
2370 3728 2493 3798 leq.
2522 3726 2673 3782 Falc.

1933 3804 2085 3874 vlu.
2122 3805 2229 3861 Sed
2284 3813 2579 3875 utcumque
2628 3802 2985 3860 manifestam
3022 3800 3177 3858 ratio-

1852 3900 1979 3939 nem
1997 3923 2011 3947 ‚
2036 3894 2089 3939 et
2122 3882 2446 3939 sententiam
2484 3881 2617 3951 legis
2641 3880 2700 3936 in
2730 3882 2967 3953 paribus
2990 3878 3180 3937 caussis

1848 3978 1959 4017 esse
1982 3961 2341 4019 statuerimus:
2366 3960 2633 4031 disputari
2668 3967 2859 4016 tamen
2886 3960 3072 4015 adhuc
3094 3973 3179 4029 po-

1850 4048 1965 4103 test.
2003 4054 2113 4097 non
2154 4037 2349 4095 debere
2386 4036 2709 4095 sententiam
2726 4077 2743 4101 ‚
2766 4054 2867 4093 seu
2894 4039 3071 4109 legem
3110 4034 3179 4091 ad

1848 4133 2001 4175 casus
2024 4118 2141 4188 lege
2174 4116 2395 4173 omissos
2436 4115 2637 4187 porrigi
2654 4155 2669 4179 ,
2706 4115 2849 4185 quia
2888 4116 2961 4172 sit
2998 4121 3179 4172 contra

1848 4197 2171 4253 sententiam
2210 4195 2358 4267 legis.
2410 4194 2519 4251 Cur
2556 4194 2707 4249 enim
2748 4194 2845 4249 lex
2885 4210 2959 4251 ex
2996 4191 3179 4250 mult’u

521 4337 596 4403 (4)
649 4338 728 4389 lta
779 4350 832 4391 et
883 4340 1116 4395 Brachae.
1155 4346 1234 4399 ad
1267 4348 1331 4397 L.
1390 4359 1435 4395 ι.
1478 4344 1548 4397 de
1599 4347 1765 4397 Ver-b·
1832 4356 1967 4425 jest.
2002 4375 2057 4407 n.
2114 4356 2163 4407 3.
2220 4355 2417 4417 νει-Βῆ,
2448 4358 2735 4427 quisquae,
2768 4358 2826 4407 si
2878 4312 3045 4425 quis,
3078 4366 3178 4405 etc·

1842 4419 2285 4497 comprehendere
2332 4420 2494 4471 etiam
2538 4418 2801 4469 foeminas
2850 4438 2919 4473 ex
2966 4418 3181 4489 proprio

1843 4486 2156 4549 significatu:
2192 4487 2283 4535 sed
2307 4503 2415 4535 non
2448 4500 2536 4534 sua
2560 4485 2640 4547 vi,
2674 4501 2865 4536 verum
2893 4486 2965 4534 ob
2996 4484 3179 4535 suban-

1843 4550 2019 4601 ditum
2046 4551 2285 4612 verbum,
2316 4552 2491 4613 homo,
2562 4548 2664 4599 uod
2689 4550 2761 4597 sit
2790 4550 3011 4613 generis
3034 4566 3176 4597 com·-

1844 4615 2033 4667 munis:
2069 4617 2275 4665 tametsi
2304 4632 2401 4663 nec
2436 4614 2492 4663 in
2566 4628 2627 4663 oc
2664 4614 2987 4663 novioribus
3010 4630 3179 4681 gram-

1846 4681 2053 4731 maticis
2077 4679 2375 4729 conveniat.
2404 4676 2572 4729 Frisc.
2608 4682 2665 4731 ia
2700 4682 2888 4747 Str-ig·
2928 4682 3180 4733 Gramm-

1849 4751 1952 4803 Τι’.
1996 4762 2035 4795 ι.
2070 4749 2133 4799 C.
2178 4762 2222 4795 ι.
2256 4759 2305 4797 et
2340 4764 2485 4815 seqq.
