3327 5214
486 165 600 227 tao

485 270 630 326 Nam
682 275 734 324 ct
775 268 848 324 ab
889 266 1050 325 initio
1093 267 1170 324 ita
1210 269 1334 342 iura
1376 267 1786 324 constituuntur
1806 307 1821 334 ,

481 357 652 420 atque
689 349 826 403 adeo
852 347 926 402 ita
955 345 1212 405 constitui
1239 355 1468 417 oportet.
1494 347 1555 402 L.
1568 351 1743 419 jura,
1766 346 1821 402 3.

487 427 550 482 L.
585 441 658 483 ex
697 427 782 482 his
803 467 817 486 .
857 424 913 482 4.
939 428 1051 481 eod.
1079 425 1162 480 Ex
1188 439 1301 496 quo
1339 432 1450 490 est,
1473 425 1622 495 quod
1648 424 1823 480 Theo-

483 507 740 576 phrastus
765 503 943 567 dixit,
969 503 1112 562 utin
1137 504 1262 576 jure
1291 521 1358 559 ex
1388 502 1472 559 bis
1495 503 1825 558 constituen-

485 583 556 640 do
583 583 763 654 priora
789 589 1031 654 spectent
1044 620 1058 644 ,
1081 579 1374 653 posteriora
1393 587 1713 653 praetercant
1732 583 1825 638 ho-

485 661 546 718 ni
577 661 908 732 legislatores
937 661 999 717 L.
1028 660 1192 732 τογὰρ
1209 659 1266 715 6.
1279 661 1392 716 eod.
1404 660 1584 730 Quam
1600 675 1821 715 omnem

487 738 866 796 definitionem
911 745 1134 810 apparet
1173 736 1466 809 superioris
1501 737 1821 810 interpreta-

487 817 653 874 tionis
678 818 946 874 rationem
973 831 1244 886 esse,quee
1260 817 1370 873 bue
1397 816 1584 874 referri
1601 817 1821 881 debeat,

483 905 546 954 ut
574 897 634 953 in
661 895 974 968 hujusmodi
1003 895 1192 966 aliqua
1227 893 1556 952 obscuritate
1595 911 1662 951 ex
1704 895 1821 956 bis,

483 989 608 1046 quae
635 975 880 1032 accidere
903 968 1125 1046 possunt
1152 980 1403 1030 nascente
1439 973 1456 1048 (
1492 975 1711 1044 qualem
1740 972 1822 1028 di-

483 1053 710 1128 ximus)
747 1054 1139 1124 intelligamus,
1169 1051 1312 1108 sieut
1335 1051 1395 1108 in
1431 1053 1556 1124 jure
1594 1052 1662 1106 de
1702 1052 1816 1117 bis,

481 1132 892 1195 constituendo,
915 1132 992 1187 sic
1021 1129 1080 1185 iu
1113 1130 1372 1202 jureium
1399 1130 1690 1186 constituto
1704 1147 1822 1186 om-

483 1211 578 1268 nia
605 1211 662 1267 in
681 1213 782 1268 boc
797 1225 992 1282 genere
1007 1209 1410 1279 complectenda
1429 1225 1563 1274 esse,
1577 1225 1701 1280 quae
1718 1225 1816 1264 na-

484 1298 604 1346 tura
629 1290 874 1346 accidere
899 1295 1138 1360 possunt,
1164 1287 1452 1359 dequibus
1467 1295 1806 1358 prospectum

483 1369 758 1424 volumus:
777 1368 855 1424 sic
870 1376 1079 1432 tamen,
1107 1373 1168 1421 ut
1193 1365 1538 1438 excipiantur
1563 1383 1654 1430 ea,
1684 1381 1809 1436 quaa

480 1447 722 1502 accidere
749 1449 922 1502 solent
947 1461 1088 1501 raro.
1115 1443 1196 1500 De
1219 1444 1306 1501 his
1329 1442 1481 1500 enim
1507 1459 1616 1500 non
1637 1443 1807 1500 videri

479 1525 679 1582 sentire
705 1526 906 1596 legem,
933 1524 1064 1595 quia
1091 1539 1190 1578 nee
1213 1523 1422 1579 soleant
1461 1523 1526 1578 de
1555 1523 1639 1578 his
1665 1522 1811 1591 cogi-

481 1612 596 1659 tare
625 1603 982 1672 legislatores,
1017 1617 1144 1658 cum
1181 1608 1524 1658 contemnere
1563 1601 1810 1661 soleant,

479 1691 532 1739 et
559 1683 808 1738 debeant.
841 1681 961 1747 Quo
1003 1687 1325 1750 argumento
1366 1686 1418 1736 et
1459 1680 1697 1736 Paulum
1738 1679 1808 1734 ad

477 1760 775 1832 superioris
807 1758 1086 1818 sententiae
1111 1766 1166 1814 et
1203 1758 1661 1829 interpretationis
1688 1773 1813 1812 con-

479 1839 850 1896 firmationem
889 1840 1044 1894 usum
1063 1877 1078 1900 ,
1117 1835 1362 1893 videmus
1403 1836 1460 1892 in
1501 1839 1555 1894 d.
1583 1837 1644 1892 L.
1672 1840 1809 1892 anti-

477 1921 589 1988 qui.
605 1921 664 1972 in
688 1918 746 1986 fi.
774 1917 986 1972 undeet
1001 1921 1218 1987 sumpta
1246 1915 1308 1970 L.
1333 1915 1388 1970 6.
1409 1915 1473 1970 de
1499 1914 1657 1986 leqib.
1685 1930 1809 1986 quae

475 1995 816 2067 superiorum
842 1995 1230 2050 definitionum
1255 2008 1380 2064 pars
1401 2004 1498 2051 est.

560 2073 740 2130 xvn.
777 2073 926 2129 lllud
963 2075 1032 2128 de
1080 2073 1344 2128 sententia
1385 2087 1572 2128 earum
1615 2069 1809 2126 defini-

475 2152 690 2210 tionum
717 2151 978 2208 moncndi
1003 2167 1222 2216 sumus,
1243 2151 1394 2220 quod
1421 2149 1655 2215 dicitur,
1676 2149 1804 2221 jura

477 2247 590 2287 non
617 2231 870 2288 constitui
899 2230 958 2286 in
987 2231 1105 2294 his,
1143 2245 1236 2286 seu
1277 2246 1342 2284 ex
1380 2228 1491 2293 his,
1515 2244 1638 2298 quae
1680 2244 1807 2284 raro

477 2309 762 2373 accidunt3
789 2309 918 2365 item
940 2310 1030 2382 jus
1053 2308 1125 2364 ad
1149 2325 1213 2364 ca
1239 2325 1350 2368 non
1378 2307 1590 2378 aptari,
1629 2313 1804 2363 totum

482 2387 584 2442 boc
623 2387 1005 2458 accipiendum
1032 2403 1140 2444 esse
1165 2403 1277 2442 non
1305 2387 1374 2442 dc
1399 2385 1491 2448 iis,
1529 2401 1653 2458 qum
1696 2401 1805 2440 uno

477 2467 640 2522 modo
655 2483 864 2537 semper
891 2466 1146 2521 accidunt
1171 2464 1228 2520 in
1255 2481 1352 2523 suo
1378 2463 1805 2534 genet-emnam}

475 2559 601 2600 raro
629 2545 904 2601 accidant:
929 2545 1020 2600 scd
1045 2544 1115 2599 de
1141 2542 1232 2610 iis,
1259 2558 1380 2615 qum
1421 2542 1478 2599 in
1506 2543 1691 2598 eodem
1720 2559 1809 2614 ge-

475 2640 606 2680 nere
629 2622 886 2680 accidunt
911 2623 1164 2689 varie,ut
1183 2622 1238 2679 in
1265 2640 1328 2679 eo
1353 2622 1461 2678 dici
1488 2620 1665 2694 possit,
1691 2638 1807 2678 rem

475 2702 718 2759 accidere
743 2702 937 2765 aliter,
963 2709 1128 2773 atque
1153 2702 1340 2768 aliter,
1377 2702 1470 2757 sed
1512 2701 1608 2757 illo
1645 2700 1807 2757 modo

475 2780 817 2853 frequenter,
843 2788 898 2836 et
925 2788 986 2837 ut
1012 2779 1340 2851 plurimum
1365 2778 1467 2837 hoc
1495 2794 1729 2851 perraro,
1754 2787 1808 2835 et

477 2874 580 2916 nec
617 2859 852 2931 opinato.
901 2859 972 2917 Ut
1011 2858 1070 2915 in
1111 2860 1284 2930 specie
1317 2860 1622 2931 proposita,
1657 2856 1807 2913 varie

471 2938 678 2995 accidit
693 2938 752 2995 in
771 2949 926 2996 utero
941 2939 1292 3009 praegnantis,
1311 2946 1370 2997 ut
1387 2938 1570 3010 plures
1579 2952 1803 2993 nascan-

473 3018 894 3083 tur;interdum
921 3017 1032 3073 duo
1049 3057 1063 3079 ,
1088 3016 1362 3073 interdum
1391 3027 1522 3077 tres,
1547 3032 1803 3072 nonnun-

470 3112 640 3169 quam
654 3097 816 3153 etiam
834 3098 1032 3168 plures.
1045 3096 1100 3151 Si
1117 3096 1254 3168 quid
1271 3112 1336 3151 ex
1353 3093 1804 3167 hiseligerqvolu-

471 3192 596 3231 mus
619 3178 690 3232 ad
707 3184 917 3231 certum
928 3177 1015 3248 jus
1029 3175 1470 3232 constituendum
1484 3174 1542 3230 in
1559 3191 1616 3230 re
1631 3172 1799 3229 dubia

471 3254 540 3310 de
569 3271 798 3311 numero
820 3270 1033 3318 eorum,
1050 3254 1147 3325 qui
1165 3252 1312 3311 nasci
1327 3261 1570 3325 possunt,
1585 3267 1699 3322 quo
1715 3249 1800 3307 his

471 3332 812 3389 consulatur:
839 3348 950 3389 non
986 3333 1248 3389 debemus
1271 3332 1536 3403 accipere,
1561 3330 1669 3387 nisi
1708 3344 1795 3393 ea,

469 3426 594 3482 qum
623 3410 694 3466 ita
721 3412 963 3469 accidere
1001 3418 1240 3481 possunt,
1287 3418 1350 3467 ut
1387 3411 1594 3467 soleant
1631 3408 1795 3464 etiam

473 3488 716 3546 accidere
744 3490 1069 3561 frequenter.
1095 3490 1171 3547 Ea
1201 3497 1380 3547 autem
1395 3506 1545 3562 ,quae
1561 3504 1685 3545 raro
1709 3503 1796 3542 ac-

469 3567 697 3630 cidunt,
735 3578 998 3639 spectare,
1037 3577 1090 3624 et
1125 3585 1194 3625 ex
1219 3568 1306 3625 his
1345 3570 1412 3625 de
1453 3584 1646 3640 genere
1687 3574 1795 3622 toto

469 3646 812 3718 eorum,qui
837 3646 984 3703 nasci
1024 3656 1244 3719 possunt
1283 3654 1514 3705 statuere
1555 3662 1665 3702 non
1706 3645 1798 3700 de-

469 3722 677 3782 hemus.
705 3726 774 3783 Et
799 3725 868 3781 de
894 3725 996 3783 boc
1021 3741 1214 3797 genere
1248 3725 1546 3799 superiores
1579 3732 1793 3783 senten-

1303 161 1626 222 mxcoms
1666 162 1985 221 DONELLI
2024 161 2399 223 mmmm.

3074 165 3163 228 110

1898 268 1990 327 tiae
2012 268 2224 341 scriptae
2249 277 2395 326 sunt.
2420 267 2685 326 Coeterum
2722 269 2763 327 si
2782 311 2797 336 ,
2820 271 2953 342 quod
2974 273 3150 330 accidit

1896 361 2107 418 semper
2132 363 2241 404 uno
2268 341 2429 405 inodo
2454 348 2653 404 accidit
2678 349 2735 405 in
2760 367 2851 406 suo
2882 366 3079 421 genere:
3102 352 3169 407 ni-

1904 425 1983 481 bil
2012 425 2287 497 prohibet,
2310 443 2423 498 quo
2450 427 2637 482 minus
2660 427 2746 482 lex
2761 428 2896 486 deeo
2917 427 3167 484 constitu·

1902 510 2009 560 tur.
2050 503 2122 561 Et
2148 505 2351 562 multas
2388 505 2703 562 constitutas
2740 505 2979 576 legimus,
3011 511 3065 560 ut
3092 507 3171 578 ius

1897 582 2253 640 constitutum
2278 590 2355 640 est
2382 585 2451 640 de
2485 582 2664 639 insula
2703 583 2760 639 in
2800 584 2931 639 mari
2964 593 3089 648 nata,
3118 595 3170 640 ut

1900 663 1999 718 fiat
2036 661 2378 732 occupantis,
2420 661 2663 726 tametsi,
2702 669 2763 718 ut
2788 669 3169 722 nascatur‚·raro

1897 739 2111 796 accidit.
2130 739 2188 812 S.
2203 741 2403 806 insula,
2419 740 2548 796 lma.
2564 742 2629 796 de
2643 756 2750 796 rer.
2772 740 2921 796 divis.
2940 739 3063 794 Item
3094 741 3169 812 jus

1898 817 2253 875 constitutum
2280 817 2347 873 de
2372 826 2535 889 partu
2560 817 2783 890 majoris
2805 817 3169 887 quinquagena-

1896 897 2005 962 ria,
2036 904 2095 953 ut
2121 897 2192 954 sit
2217 895 2519 966 legitimum
2542 897 2641 953 etsi
2670 911 2965 966 numquam
2988 893 3079 950 fere
3100 911 3170 951 ac-

1896 975 2044 1031 cidat
2062 1017 2077 1040 ,
2102 982 2166 1031 ut
2190 973 2389 1031 mulier
2414 989 2475 1030 es
2490 979 2645 1032 aetate
2658 973 2847 1048 pariat.
2863 974 2977 1030 Βῆ
2996 975 3168 1042 major,

1898 1055 1956 1110 C.
1980 1054 2044 1110 do
2062 1055 2209 1124 ἱερεῖ.
2222 1053 2415 1110 hoered.
2428 1053 2533 1110 Sed
2553 1061 2919 1124 utrumqueeo
2932 1049 3171 1106 constitui-

1898 1139 1989 1188 tur
2009 1173 2023 1197 ,
2046 1132 2177 1204 quia
2204 1131 2382 1188 insula
2400 1147 2556 1196 ,cum
2574 1132 2813 1189 nascitur
2837 1129 2893 1187 in
2919 1127 3045 1184 mari
3058 1143 3171 1184 sem-

1896 1227 1991 1281 pcr
2016 1212 2203 1268 eodem
2244 1210 2407 1266 modo
2446 1211 2543 1270 fit.
2584 1218 2645 1266 ut
2684 1219 2825 1266 terra
2870 1214 3009 1264 extra
3050 1221 3171 1262 mare

1886 1290 2227 1361 protuberet,
2264 1288 2375 1343 sive
2412 1287 2509 1344 illa
2546 1305 2717 1360 aquas
2758 1287 3046 1356 relinquat,
3078 1283 3169 1339 sive

1888 1369 1957 1424 ab
1986 1368 2145 1440 aquis
2181 1367 2559 1438 relinquatur:
2596 1374 2650 1422 et
2676 1365 2847 1438 major
2870 1362 3171 1436 quinquage-

1888 1447 2043 1502 naria
2068 1447 2114 1502 si
2156 1444 2299 1517 parit
2314 1485 2329 1508 ,
2354 1461 2567 1516 semper
2602 1461 2717 1501 uno
2744 1444 2903 1500 modo
2924 1439 3169 1510 contingit,

1886 1535 1949 1580 ut
1988 1525 2115 1590 fiat,
2154 1523 2423 1578 nimirum
2462 1539 2555 1594 per
2592 1522 3023 1596 conjunctionem
3038 1525 3173 1574 natu-

1886 1605 2078 1659 ralem.
2118 1601 2275 1658 Unde
2310 1601 2514 1666 evenit,
2552 1608 2617 1658 ut
2652 1609 2707 1658 et
2748 1602 2815 1657 de
2841 1599 2922 1656 his
2956 1605 3084 1654 reete
3100 1595 3173 1666 jus

1888 1681 2277 1745 constituatur,
2315 1679 2475 1750 quia,
2512 1696 2636 1736 cum
2686 1681 2757 1737 de
2805 1677 2889 1735 bis
2922 1676 3174 1732 constitue-

1892 1767 1986 1815 tur
2016 1760 2106 1831 jus
2141 1766 2351 1814 certum
2392 1767 2453 1814 et·
2474 1775 2673 1815 unum:
2714 1773 2827 1814 non
2856 1765 2933 1814 est
2966 1760 3173 1810 metuen-

1888 1839 2049 1902 dum,
2088 1851 2159 1892 ne
2198 1836 2477 1893 interdum
2516 1837 2571 1892 id
2606 1839 2701 1893 liat
2731 1835 2976 1907 iniquum
3002 1831 3171 1903 quibu·

1884 1917 2041 1972 sdam
2067 1915 2306 1980 casibus,
2328 1931 2456 1971 cum
2474 1955 2491 1980 ‚
2512 1914 2791 1989 quidquid
2817 1913 3038 1974 accidet,
3062 1923 3173 1966 mm-

1884 2011 1981 2066 per
2008 2012 2119 2051 uno
2142 2001 2197 2050 et
2222 1995 2409 2051 eodem
2438 1994 2599 2051 modo
2612 2001 2929 2050 eventurum
2954 1989 3031 2046 sit.
3052 1988 3171 2054 Quo·

1883 2074 2027 2130 circa
2069 2074 2139 2128 ad
2182 2073 2285 2128 boc
2324 2086 2494 2144 genus
2526 2071 2831 2144 superiores
2866 2067 3173 2128 definitiones

1883 2169 1993 2209 non
2022 2151 2323 2223 pertinent:
2348 2168 2417 2207 ne
2434 2151 2571 2210 forte
2594 2149 2723 2222 quis
2746 2158 2841 2206 aut
2870 2152 3070 2220 propter
3091 2143 3173 2200 hu

1880 2231 2155 2304 superiora
2184 2231 2295 2285 duo
2320 2229 2577 2286 constitui
2612 2245 2727 2284 non
2770 2226 3039 2286 debuisse:
3068 2229 3171 2284 aut,

1880 2326 2005 2365 cum
2048 2309 2335 2366 constituta
2362 2308 2499 2372 sint,
2520 2308 2779 2364 adversus
2814 2323 2903 2362 eas
2938 2305 3064 2375 ipsas
3096 2300 3171 2354 ἅθ-

1880 2386 2155 2444 finitiones
2194 2387 2395 2446 sactum
2438 2401 2545 2443 esse
2562 2427 2576 2452 ,
2624 2385 2913 2443 existimet.
2962 2383 3174 2447 Eamque

1883 2465 2205 2522 sententiam
2230 2482 2339 2524 esse
2360 2467 2698 2536 superiorum
2728 2460 3174 2520 definitionum‚ot
3286 2505 3297 2537 :

1882 2543 2157 2617 superiora
2185 2545 2428 2617 exempla
2454 2544 2592 2607 duo,
2616 2550 2668 2599 et
2693 2542 2779 2598 rei
2802 2534 3178 2615 ipsiusaequitas
3290 2585 3296 2601 „

1884 2631 1939 2679 et
1964 2623 2121 2680 Pauli
2148 2622 2567 2681 accommodatio
2592 2621 2753 2679 facile
2780 2620 3033 2693 probant:
3054 2614 3177 2671 sicet
3284 2660 3296 2699 3

1883 2701 2075 2758 electio
2114 2702 2174 2758 in
2202 2702 2289 2759 his
2312 2700 2725 2759 definitionibus
2764 2704 3038 2771 usurpata,
3070 2705 3175 2749 mm
3278 2744 3296 2777 u

1884 2780 2089 2837 dicitur
2120 2781 2209 2852 jus
2247 2779 2501 2839 constitui
2538 2778 2720 2851 potius
2756 2780 2952 2835 debere
2986 2790 3049 2829 ex
3082 2770 3179 2831 his,
3280 2831 3286 2841 ,

1882 2874 2007 2929 quae
2034 2858 2371 2931 frequenter,
2407 2872 2578 2929 qnam
2614 2874 2683 2915 ex
2710 2858 2779 2914 iis
2812 2872 2935 2928 quae
2972 2867 3085 2909 raro
3106 2863 3176 2903 ⁸0-

1876 2935 2089 2993 cidant:
2115 2954 2271 3003 cum,
2290 2936 2339 2995 si
2364 2938 2423 2994 in
2452 2936 2673 2993 diversis
2706 2934 2998 3009 generibus
3018 2940 3175 3015 rerum

1878 3014 1979 3071 ista
2018 3016 2302 3081 dicantur,
2340 3024 2397 3073 et
2436 3016 2505 3071 de
2546 3030 2881 3087 unoquoque
2918 3013 3175 3091 separatio}

1880 3093 2317 3151 constituendum
2340 3094 2446 3158 sit,
2470 3110 2581 3149 non
2622 3093 2788 3165 possit
2831 3091 2915 3147 isti
2954 3084 3176 3146 electioni

1880 3187 1989 3228 esse
2016 3172 2181 3230 locus.
2206 3174 2311 3231 Sed
2350 3179 2407 3229 et
2440 3174 2601 3229 verba
2644 3172 2761 3243 ipsa
2800 3170 2857 3226 id
2882 3164 3177 3238 significant-

1877 3249 2003 3305 Non
2030 3252 2179 3308 enim
2206 3253 2435 3315 dieitur,
2460 3250 2779 3321 deiis,qnae
2798 3264 2921 3305 raro
2936 3241 3178 3299 accidunt.

1872 3330 1997 3402 iura
2034 3346 2143 3385 non
2184 3330 2462 3388 constitui:
2486 3330 2576 3385 sed
2604 3346 2675 3385 ea:
2702 3330 2823 3391 lu‘s,
2852 3332 2948 3381 aut
2984 3325 3039 3377 in
3076 3319 3173 3373 lu's:

1876 3414 1937 3463 ut
1960 3406 2031 3463 sit
2056 3422 2266 3475 sensus,
2292 3410 2359 3465 de
2384 3416 2495 3464 toto
2520 3424 2717 3479 genere
2744 3422 2856 3461 non
2884 3403 3067 3459 debere
3088 3402 3176 3451 sta·

1872 3485 1952 3543 tui
1998 3502 2063 3541 ex
2104 3486 2220 3547 his,
2257 3504 2348 3543 seu
2386 3486 2507 3557 jure
2546 3486 2616 3541 ab
2658 3485 2745 3541 bis
2794 3486 3037 3552 summo·
3068 3486 3177 3543 (1118

1872 3578 2025 3629 raro,
2062 3566 2155 3621 sed
2194 3575 2407 3639 sumpto
2452 3566 2525 3621 ab
2564 3564 2682 3628 his,
2720 3576 2847 3636 quae
2888 3560 3177 3629 frequen&

1874 3640 2145 3699 accidunt.
