3327 5214
520 187 631 248 123

516 293 603 364 jus
640 287 860 363 quidem
887 295 1047 348 esset,
1085 291 1144 343 ut
1169 282 1328 345 initio
1348 287 1438 360 jus
1473 285 1837 344 definivimus.

518 370 801 442 Excipitur
825 365 972 422 enim
999 383 1029 421 a
1054 365 1175 438 jure
1199 365 1495 428 communi,
1521 363 1686 436 idque
1710 383 1838 422 eon-

517 459 599 506 tra
627 447 889 505 rationem
929 459 1305 508 communem,
1353 443 1494 517 justa
1547 451 1728 500 tamen
1770 445 1837 499 de

515 545 698 584 caussa
739 531 957 597 propter
993 522 1283 580 utilitatem
1311 523 1572 593 aliquam,
1611 536 1735 594 (3113,-
1762 521 1838 578 sa-

515 606 607 672 cit,
646 613 706 662 ut
730 604 800 661 sit
822 617 1072 673 aequum,
1125 601 1198 657 ita
1225 599 1495 656 constitui.
1535 598 1623 657 Fit
1657 607 1838 657 autem

519 682 574 741 id
615 686 704 759 J‘us
741 698 851 738 non
892 681 1225 752 privatorum
1253 679 1720 750 interpretatione,
1742 679 1840 752 qui

513 763 602 836 jus
643 764 814 820 facere
859 775 970 814 non
1013 767 1331 831 potuerunt:
1371 759 1460 813 sed
1503 774 1630 814 cum
1670 773 1840 812 acces-

516 841 644 898 serit
659 837 944 897 auctoritas
958 836 1420 900 constituentium,
1449 844 1506 891 ut
1523 836 1841 898 puerorum,

409 950 419 974 t
517 924 775 984 SenatuS,
825 916 1108 988 Principis.
1147 913 1330 988 Hujus
1379 913 1590 984 generis
1625 917 1753 990 sunt
1790 931 1840 967 e-

519 999 721 1072 xempli
745 995 918 1068 gratia
945 993 1308 1051 restitutiones
1341 994 1395 1048 in
1428 983 1699 1063 integrum
1742 991 1841 1047 mi-

517 1093 734 1142 norum,
757 1089 894 1146 quas
924 1069 1176 1130 ad'versus
1209 1072 1302 1144 jus
1342 1085 1633 1126 commune
1659 1069 1842 1125 indul-

514 1157 628 1228 geri
655 1160 876 1212 constat:
921 1151 982 1209 L.
1021 1155 1082 1207 in
1106 1167 1327 1213 consur,
1351 1149 1407 1204 2.
1447 1149 1518 1204 D.
1545 1148 1609 1204 de
1651 1152 1841 1204 πιίηοτ.

517 1229 1036 1290 senatusconsultum
1064 1229 1414 1300 VelleJ’anum
1455 1225 1526 1281 de
1547 1227 1839 1282 mulierum

1329 179 1650 240 HUGO‘NIS
1690 177 1931 240 DONBL
1934 179 2007 240 u
2044 177 2416 242 COMMENT.
2474 191 2492 202 “

3091 185 3177 254 tat

1914 288 2115 346 caussis
2140 287 2283 346 idem
2306 296 2635 350 statuamus.
2660 288 2785 380 qnia
2810 288 2867 346 in
2890 288 3085 363 paribus
3102 313 3173 354 εει

1915 367 2037 422 dem
2076 367 2213 423 ratio
2252 367 2337 423 sit.
2379 369 2531 422 Idem
2564 369 2861 438 exprimere
2898 381 3012 440 putu
3050 373 3178 432 illam

1913 445 2283 526 definitionem
2334 444 2595 516 superiori
2635 445 2919 518 subjectam
2958 446 3010 504 in
3053 451 3099 506 L.
3133 455 3181 508 is

1914 517 2043 590 his,
2068 525 2137 580 D.
2173 524 2236 579 de
2266 525 2421 594 legib.
2470 524 2530 578 ln.
2570 525 2681 590 his,
2716 538 2831 595 quo
2850 533 3023 582 omum
3043 534 3183 586 retio-

1916 613 2035 658 ncm
2082 605 2235 674 juris
2282 607 2567 658 constituta
2616 611 2765 665 sim-,t
2802 619 2907 659 non
2948 621 3185 675 possumus

1916 685 2065 752 seqm’
2098 683 2347 750 requiam
2364 683 2531 751 juris.
2557 681 2677 738 Non
2720 679 2977 753 intelligo,
3000 695 3186 756 quotuo-

1914 759 1985 812 do
2024 759 2115 815 bic
2154 761 2398 830 regulam
2433 759 2571 830 juris
2606 759 2843 832 accipere
2868 759 3187 833 possimusjus

1916 836 2093 908 ipsum
2134 851 2445 900 commune,
2470 853 2501 892 a
2528 851 2665 909 quo.
2689 846 2942 910 tanquam
2976 856 3004 894 a
3026 842 3183 909 regula

1915 915 2195 973 communi
2218 957 2233 982 ,
2278 916 2575 988 superiores
2636 930 2829 973 caussae
2875 917 3185 989 excipiantur.

1914 993 2049 1061 Quis
2086 1004 2165 1050 est
2186 995 2336 1050 enim
2374 1005 2489 1052 tam
2526 997 2750 1062 stultus,
2785 996 2880 1066 qui
2906 995 3115 1066 ignoret.
3138 994 3183 1051 in

1915 1072 2201 1130 contrariis
2240 1089 2337 1130 nos
2372 1075 2519 1130 idem
2556 1075 2736 1149 seuqui-
2764 1089 2871 1130 non
2908 1087 3065 1146 posse,
3105 1089 3187 1129 nec

1918 1163 2065 1222 posse
2103 1167 2201 1208 nos
2236 1153 2325 1226 J‘us
2360 1169 2651 1209 commune
2686 1152 2834 1224 sequi
2862 1151 2919 1208 in
2952 1150 3052 1216 his,
3082 1167 3183 1222 que

1916 1231 2273 1286 confiteamur
2310 1247 2416 1288 esse
2453 1241 2639 1287 contra
2674 1231 2765 1303 jus
2784 1228 3189 1288 communelSetl

1918 1310 2161 1379 regulam
2183 1308 2321 1380 juris
2346 1309 2435 1364 hic
2460 1309 2811 1381 accipiemus,
2848 1310 3071 1380 regulam
3094 1306 3192 1380 qui-

1918 1387 2043 1442 dem
2082 1385 2222 1458 juris
2246 1389 2578 1451 communis,
2602 1388 2693 1444 sed
2721 1388 2957 1459 regulam
2982 1389 3043 1442 de
3057 1388 3192 1442 inter-

1921 1465 2217 1534 pretatione
2250 1465 2419 1538 Juris,
2456 1474 2509 1522 et
2548 1468 2729 1538 legum
2752 1507 2765 1530 ,
2802 1463 3193 1537 qua-placebitis

1921 1543 2272 1600 constitutum
2314 1544 2517 1614 porrigi
2558 1547 2627 1600 ad
2668 1562 2757 1600 eas
2782 1559 2999 1606 caussas,
3016 1542 3072 1600 in
3094 1543 3196 1613 qui·-

1923 1619 2023 1678 bus
2047 1622 2116 1678 sit
2140 1624 2325 1678 eadem
2352 1625 2505 1678 ratio.
2532 1624 2674 1678 Nam
2702 1624 2769 1679 dc
2794 1623 2895 1680 hac
2919 1621 3194 1692 interpreta-

1922 1700 2069 1756 tione
2092 1703 2461 1772 superioribus
2486 1703 2615 1757 locis
2643 1704 2927 1772 agebatur,
2956 1709 3005 1755 et
3040 1699 3191 1768 regula

1922 1779 2063 1848 juris
2100 1779 2169 1834 de
2190 1795 2251 1836 ea
2278 1781 2717 1851 inte-pretatione
2756 1781 2927 1838 tribus
2951 1779 3074 1834 locis
3090 1793 3194 1834 cen·

1924 1857 2223 1913 tinentibus
2248 1859 2615 1921 traditam-at,
2660 1857 2719 1914 L.
2758 1867 2809 1914 ct
2842 1858 2985 1921 ideo,

1913 1944 2160 2009 pensent,
2202 1935 2263 1992 L.
2300 1952 2461 2003 nam,
2497 1945 2559 1991 ut
2582 1941 2692 2001 ait,
2727 1939 2801 1994 D.
2822 1939 2887 1994 de
2910 1933 3196 2006 Immone-

1926 2025 2139 2084 propter
2164 2016 2277 2096 hirc
2302 2015 2358 2070 in
2403 2029 2615 2072 summa
2654 2016 2935 2087 utriusque
2972 2014 3071 2070 loci
3102 2027 3197 2070 sen-

1922 2092 2085 2149 tentia
2128 2099 2228 2150 est:
2266 2095 2517 2165 quamvis
2554 2092 2615 2149 in
2654 2095 2780 2152 aliis
2814 2093 3021 2152 casibus
3038 2091 3193 2148 eadem

1920 2171 2057 2227 ratio
2081 2171 2177 2235 sit,
2212 2187 2335 2266 qua!
2372 2173 2432 2228 in
2469 2171 2590 2243 jure
2626 2173 2919 2245 singulari,
2952 2182 3003 2228 et
3025 2177 3194 2228 contra

1920 2250 2181 2305 rationem
2206 2250 2343 2322 juris
2356 2251 2659 2308 'communis
2674 2261 2911 2324 recepto:
2926 2267 3027 2322 non
3042 2255 3193 2304 tamen

1924 2327 2083 2406 ideo
2068 2345 2125 2384 ιιι
2154 2329 2239 2385 bis
2260 2329 2474 2385 casibus
2487 2330 2655 2385 idem
2656 2345 2970 2401 sequemur.
2993 2317 3197 2384 utemur·

1922 2399 1983 2460 ‘ve
2011 2407 2065 2461 in
2092 2425 2156 2462 eo
2180 2409 2558 2480 consequentia
2582 2417 2639 2464 et
2664 2407 2980 2466 collectione
2994 2405 3195 2479 parium.

1924 2486 2131 2541 tametsi
2172 2495 2223 2541 ct
2262 2485 2455 2543 similis
2494 2487 2663 2545 ratio.
2698 2495 2753 2544 et
2784 2488 2969 2557 regula
2988 2481 3131 2557 juris·
3122 2481 3198 2536 -dc

1920 2561 2358 2635 interpretatione
2392 2564 2530 2637 juris
2576 2567 2751 2623 rideri
2804 2565 2999 2637 possint
3046 2577 3200 2619 monc-

1918 2658 2001 2706 re,
2042 2643 2096 2699 id
2126 2644 2197 2699 ita
2225 2660 2333 2701 esse
2372 2644 2699 2700 faciendum.
2736 2646 2821 2701 Sit
2858 2642 3077 2715 exempli
3099 2656 3197 2711 gra·

1916 2720 1990 2777 tia
2030 2721 2266 2778 edictum
2292 2724 2361 2778 de
2402 2724 2739 2779 restitutione
2778 2724 3065 2779 minorum.
3100 2720 3199 2776 noc

1914 2800 2089 2857 edicto
2116 2800 2380 2866 minores,
2418 2801 2529 2857 sive
2567 2803 2717 2872 quod
2756 2802 3086 2865 babuerunt,
3118 2814 3199 2853 suo

1916 2878 2055 2936 sacto
2092 2879 2395 2944 amiserintz
2432 2878 2543 2936 sive
2564 2880 2716 2949 quod
2742 2880 3021 2953 acquirere
3041 2886 3201 2949 potue-

1912 2967 2071 3021 runt,
2108 2958 2413 3023 omiserint:
2452 2959 2563 3014 sive
2600 2974 2655 3014 se
2706 2957 2897 3021 oneri,
2932 2958 3071 3029 qnod
3106 2970 3197 3011 non

1910 3037 2171 3107 suscipere
2210 3036 2391 3103 licuit,
2428 3035 2816 3107 obligaverint,
2858 3038 2912 3092 in
2959 3037 3195 3105 integrum

1910 3116 2285 3171 restituuntur.
2333 3117 2387 3171 L.
2426 3132 2531 3170 non
2570 3121 2786 3181 omnia,
2832 3117 2898 3173 D.
2938 3116 3000 3171 de
3038 3116 3199 3169 minor.

1910 3193 2069 3249 Ratio
2108 3194 2295 3255 edicti,
2332 3194 2481 3266 quod
2522 3194 2809 3251 infirmum
2848 3195 2918 3251 sit
2942 3189 3197 3250 consilium

1908 3274 2023 3342 ejus
2061 3271 2258 3335 matis,
2306 3281 2358 3328 et
2408 3273 2595 3328 multis
2644 3274 3019 3345 captionibus,
3062 3276 3199 3340 atque

1910 3349 2121 3407 insidiis
2158 3351 2457 3423 expositum
2506 3360 2725 3423 propter
2768 3350 3091 3424 imperitiam
3134 3362 3202 3402 re-

1894 3444 2052 3485 ·rum.
2092 3430 2153 3485 L.
2195 3430 2245 3485 1.
2288 3431 2355 3486 D.
2393 3432 2462 3487 dc
2496 3434 2688 3486 mim.
2730 3430 2865 3487 Haec
2914 3430 3047 3486 ratio
3082 3440 3199 3495 sirpe

1888 3508 2095 3563 eadem
2135 3518 2236 3569 est
2276 3524 2338 3564 ac
2376 3524 2541 3580 prope
2576 3512 2755 3581 major
2792 3510 2851 3565 in
2894 3508 3085 3565 rustico
3118 3502 3201 3561 ali-

1910 3601 2018 3656 quo
2058 3586 2305 3649 bomine,
2343 3588 2592 3658 quamvis
2618 3587 2825 3658 majore
2848 3586 3037 3659 viginti
3062 3584 3202 3669 quin-

1911 3678 2019 3734 que
2056 3664 2229 3721 annis.
2255 3666 2421 3723 Multi
2462 3665 2610 3721 enim
2650 3666 3003 3738 reperiuntur
3038 3655 3199 3720 rustici

517 1309 1014 1374 intercessionibus,
1047 1325 1118 1365 ne
1141 1308 1396 1364 mulieres
1421 1321 1484 1362 co
1511 1304 1731 1360 nomine
1770 1313 1844 1361 te-

515 1400 768 1454 neantur,
805 1399 990 1444 contra
1027 1403 1195 1459 quam
1231 1387 1356 1457 jure
1395 1384 1544 1440 civili
1587 1383 1843 1439 constitu-

517 1476 634 1524 tum
663 1476 769 1533 est,
797 1469 863 1523 de
890 1465 984 1526 iis.
1010 1465 1106 1537 qui
1137 1463 1477 1526 mandandO,
1516 1468 1612 1516 aut
1652 1461 1844 1532 fideju-

514 1547 694 1603 bendo
736 1563 790 1603 se
815 1545 1251 1602 obstrinxerunt:
1292 1540 1844 1603 senatusconsultum,

513 1625 989 1688 Macedonianum,
1005 1639 1074 1679 ne
1101 1619 1328 1694 pecunia
1356 1617 1711 1675 filiofamilias
1726 1634 1844 1672 mn-

513 1712 608 1760 tuo
636 1706 781 1766 data,
805 1704 862 1758 in
897 1702 1092 1774 ipsum,
1116 1708 1210 1756 aut
1236 1707 1438 1770 patrem
1467 1697 1843 1766 ejusunquam

517 1785 659 1839 actio
699 1784 874 1847 detur,
912 1778 1213 1850 contraius
1237 1784 1442 1833 certum
1469 1785 1520 1830 et
1558 1789 1847 1829 commune

511 1862 580 1917 de
610 1869 800 1917 mutuo
826 1859 1197 1916 constitutum.
1239 1855 1438 1910 Omnia
1477 1863 1656 1908 tamen
1696 1868 1845 1906 exee-

512 1947 612 2012 pta
669 1946 888 2030 propter
942 1935 1276 1997 utilitatem,
1329 1933 1384 1989 id
1449 1942 1524 1989 est
1561 1930 1730 2022 justis
1780 1931 1847 1985 de

512 2034 612 2072 cat.
618 2019 729 2080 ssis,
756 2024 814 2074 ut
839 2015 950 2072 sint
977 2023 1028 2070 et
1053 2011 1210 2069 baec
1193 2027 1303 2083 ipsa
1333 2013 1454 2085 jura
1481 2019 1534 2066 et
1553 2008 1843 2080 justissima

513 2104 570 2151 et
635 2094 984 2169 aequissima;
1022 2089 1319 2162 singularia
1371 2097 1594 2150 tamen,
1632 2096 1842 2158 recepta

511 2182 730 2230 tautum
762 2174 818 2231 in
862 2171 950 2228 his
987 2170 1202 2234 caussis,
1240 2177 1293 2224 et
1323 2168 1575 2239 personis,
1599 2181 1735 2256 quas
1762 2166 1844 2221 di-

515 2252 728 2318 ximus,
777 2252 943 2324 idque
983 2259 1168 2304 contra
1210 2247 1474 2302 rationem
1523 2244 1660 2317 juris
1698 2261 1844 2302 corn-

515 2331 717 2388 munis.
775 2329 908 2398 Quae
949 2329 1069 2384 ideo
1121 2324 1314 2398 posui,
1351 2323 1482 2396 quia
1538 2332 1590 2379 et
1631 2323 1743 2380 haec
1784 2324 1841 2378 in

513 2411 841 2480 quotidiano
869 2414 996 2463 sunt
1023 2423 1156 2468 usu,
1179 2411 1231 2460 et
1257 2404 1440 2459 minus
1465 2401 1846 2458 existimantur

514 2505 623 2544 esse
665 2489 832 2558 hujus
871 2484 1097 2556 generis.
1134 2485 1276 2539 Nam
1305 2481 1400 2537 illa
1429 2497 1588 2536 nemo
1613 2479 1845 2544 dubitat,

509 2567 645 2638 quin
705 2567 812 2623 sint
863 2562 1186 2637 singularia,
1237 2561 1326 2634 jus
1379 2561 1516 2617 dans
1569 2558 1839 2615 actionem

511 2662 698 2701 rerum
729 2653 1031 2700 amotarum
1060 2642 1310 2697 adversus
1335 2656 1591 2702 uxorem,
1615 2654 1739 2710 quae
1779 2636 1837 2693 in

511 2722 863 2779 matrimonio
904 2721 1108 2779 furtum
1155 2720 1309 2780 fecit,
1334 2727 1387 2775 et
1411 2718 1673 2773 actionem
1706 2716 1837 2772 furti

509 2802 799 2869 denegans:
828 2800 888 2856 L.
923 2803 970 2856 1.
1001 2800 1066 2855 D.
1093 2814 1197 2854 rer.
1224 2805 1379 2852 amat.
1423 2796 1548 2851 item
1587 2796 1655 2851 de
1677 2804 1837 2851 testa-

508 2881 706 2936 mentis
733 2879 972 2935 militum
993 2920 1007 2943 ,
1047 2878 1108 2933 L.
1137 2876 1190 2931 2.
1217 2876 1285 2931 D.
1311 2875 1372 2931 de
1401 2882 1510 2930 test.
1536 2876 1648 2929 vnil.
1676 2883 1729 2929 ct
1766 2874 1837 2931 si-

507 2960 676 3015 milia.
705 2960 787 3014 Ex
814 2956 1018 3029 quibus
1045 2956 1225 3011 minus
1252 2955 1624 3024 exemplorum
1653 2964 1731 3008 est
1750 2970 1835 3009 ac-

509 3038 974 3093 commodatorum
1005 3035 1073 3090 ad
1101 3034 1176 3096 id,
1199 3032 1348 3105 quod
1373 3030 1833 3103 quaerimusque-

506 3114 691 3178 niam,
715 3130 841 3171 cum
887 3111 1127 3185 personis
1165 3119 1376 3167 tantum
1419 3110 1533 3166 brec
1571 3109 1829 3168 beneficia

504 3194 844 3255 tribuantur,
883 3192 1049 3265 idque
1074 3191 1183 3247 sere
1221 3206 1288 3246 ex
1327 3188 1620 3261 privilegio:
1649 3191 1831 3247 minus

505 3270 664 3327 dubii
692 3280 795 3334 est,
835 3270 971 3341 quin
1002 3270 1071 3326 ad
1099 3268 1235 3325 alias
1271 3280 1522 3339 personas
1561 3283 1671 3324 non
1715 3284 1833 3339 per-

505 3348 749 3414 tineant,
789 3358 850 3403 ut
899 3358 976 3405 est
1030 3346 1268 3407 conditio
1318 3346 1565 3402 omnium
1607 3364 1831 3409 eorum,

507 3443 633 3497 qum
683 3438 812 3484 sunt
863 3427 1182 3500 personalia.
1225 3426 1285 3482 L.
1339 3424 1388 3481 1.
1444 3424 1512 3480 D.
1561 3426 1626 3480 dc
1674 3431 1830 3482 const.

505 3506 695 3562 Princ.
737 3508 798 3563 L.
823 3510 882 3561 in
921 3505 1160 3560 munibus
1187 3508 1386 3560 caussis
1421 3502 1497 3565 id,
1535 3503 1601 3558 D.
1627 3506 1691 3559 dc
1717 3520 1828 3571 ren.

497 3587 621 3655 jur.
647 3584 775 3640 Ideo
805 3584 1130 3646 utilioribus,
1168 3591 1221 3640 et
1257 3582 1441 3639 minus
1467 3580 1626 3646 notia,
1652 3592 1711 3639 ut
1738 3600 1833 3639 no-

505 3672 558 3719 ta
603 3673 791 3727 essent,
829 3664 909 3719 uti
949 3661 1232 3717 voluimus.

579 3742 653 3797 X.
680 3740 758 3797 Dc
786 3741 886 3797 boc
911 3756 1105 3810 genere
1143 3738 1216 3795 ita
1243 3737 1522 3794 traditur
1509 3756 1566 3796 ιιι
1597 3740 1657 3795 L.
1683 3743 1825 3810 quoti
1900 3758 2083 3799 rerum
2122 3758 2258 3815 pene
2295 3746 2571 3807 omnium,
2593 3752 2649 3801 et
2672 3744 3035 3801 versuti-arum
3058 3742 3201 3796 urba-

500 3836 660 3883 vero,
703 3818 774 3875 D.
811 3822 875 3876 dc
901 3819 1056 3886 Ιεῃὲῠ.
1096 3827 1145 3874 et
1172 3818 1233 3875 L.
1257 3819 1399 3888 quod
1421 3825 1646 3881 ..contra
1676 3818 1743 3873 D.
1758 3819 1825 3873 de
1902 3837 2099 3876 narum
2126 3824 2308 3879 rudes.
2342 3834 2487 3880 certe
2526 3824 2702 3879 multo
2744 3822 3123 3915 imperitiores.
3154 3826 3201 3871 et

501 3899 673 3971 regul·
693 3898 802 3969 iur·
845 3898 1000 3969 Quod
1037 3904 1222 3953 comm
1259 3899 1520 3951 radonem
1551 3900 1702 3967 juris
1740 3914 1821 3953 rc·
1896 3900 2188 3969 fragilitate
2244 3901 2447 3972 majore
2498 3902 2739 3961 consilii.
2790 3917 2962 3976 quam
3011 3896 3203 3989 juvenis

498 3984 704 4049 ceptum
742 3986 847 4038 cst,
885 3992 992 4033 non
1032 3983 1108 4032 est
1141 3975 1537 4045 producendum
1581 3978 1655 4031 ad
1701 3992 1821 4029 con-
1898 3978 2098 4049 aliquis
2124 3986 2385 4035 mercator
2410 3980 2736 4043 industrius,
2763 3990 2819 4038 et
2846 3987 3077 4035 vet-sams
3096 3978 3199 4048 jam

497 4059 822 4129 sequentias,
848 4055 902 4111 id
943 4064 1020 4111 oet
1061 4072 1170 4109 non
1213 4063 1290 4109 est
1327 4053 1709 4123 porrigendum
1751 4054 1819 4109 ad
1900 4056 1957 4111 in
2000 4058 2251 4127 negotiis.
2288 4066 2341 4113 et
2378 4060 2540 4115 rebus
2566 4058 2853 4124 humanis,
2880 4067 3039 4129 atque
3062 4062 3203 4111 aetate

498 4150 710 4192 caussas
747 4132 980 4198 similes,
1015 4142 1075 4189 ut
1115 4133 1170 4188 in
1215 4132 1419 4203 quibus
1456 4132 1644 4187 eadem
1686 4132 1821 4186 ratio
1900 4132 2212 4205 provectior.
2254 4136 2443 4206 ltaque
2483 4136 2585 4193 bac
2635 4139 2852 4195 ratione
2893 4134 3083 4191 rustico
3120 4130 3197 4186 isti

496 4215 594 4277 sit,
623 4214 764 4269 idem
792 4221 1045 4268 servetur.
1072 4212 1161 4267 Sic
1187 4210 1335 4267 enim
1360 4208 1604 4266 dicitur'
1583 4226 1671 4281 Jus
1696 4226 1818 4281 pro-
1893 4223 2047 4283 capto
2076 4214 2132 4270 in
2160 4214 2270 4275 his.
2292 4230 2417 4285 qum
2452 4230 2611 4287 supra
2652 4216 2855 4288 scripta
2892 4224 3045 4276 sunt,
3070 4210 3199 4266 idem

497 4293 625 4349 duci
651 4290 720 4349 ad
747 4290 1190 4362 consequentias,
1224 4304 1352 4345 cum
1381 4300 1703 4359 argumento
1728 4306 1819 4361 pa·
1884 4292 2211 4348 tribuemus.
2236 4293 2340 4348 Sed
2368 4301 2633 4365 repugnat
2656 4294 2927 4350 sententia
2952 4289 3200 4361 superior.

395 4419 403 4427 ,
497 4372 674 4435 rium,
699 4370 766 4425 de
789 4370 992 4442 quibus
1024 4370 1112 4442 J'us
1152 4368 1428 4440 singulare
1465 4368 1815 4425 constitutum
1897 4370 2219 4427 Restitutio
2206 4389 2283 4429 m
2292 4371 2563 4443 integrum
2584 4382 2777 4429 contra
2794 4372 3059 4429 rationem
3074 4363 3205 4440 juris

499 4460 608 4513 est,
631 4447 892 4514 dicimus,
907 4464 1240 4520 consequens
1261 4464 1396 4511 esse,
1425 4457 1483 4504 ut
1507 4448 1565 4503 in
1597 4448 1819 4519 paribus
1897 4450 2202 4507 communis
2252 4450 2557 4509 introducta
2596 4453 2650 4510 d.
2690 4450 2754 4508 L.
2794 4454 2857 4508 in
2894 4462 3115 4507 caussoe.
3150 4442 3205 4497 2·

501 4640 730 4701 recepta,
762 4632 1011 4685 Raevard.
1065 4634 1144 4686 ad
1183 4630 1458 4684 LL.x11.
1491 4633 1642 4684 Tabb
1687 4640 1821 4709 Pap.
1900 4634 2079 4715 Cujac·
2122 4636 2355 4691 15.01›..‹
2378 4638 2431 4690 8·
2469 4636 2599 4689 Baro
2634 4640 2786 4689 ι’.ιιΙ,
2832 4654 2875 4687 1.
2908 4638 2977 4689 de
2998 4633 3205 4687 constit·

503 4717 548 4749 2.
587 4716 806 4765 qumque
863 4716 968 4749 non
1023 4698 1081 4747 in
1127 4716 1283 4749 unam
1317 4714 1588 4763 personam
1644 4716 1825 4751 conc·—
1897 4707 2079 4770 p1·'.mc

499 4766 745 4831 piantur,
779 4764 870 4816 sed
905 4763 964 4813 in
999 4764 1173 4830 plures
1209 4764 1444 4829 ejusdem
1479 4764 1823 4815 conditionis.

3025 1856 3192 1912 Lm·
3270 1899 3288 1918 ,
