3327 5214
422 73 534 131 103

413 179 678 236 svntnntia
715 177 1070 236 sanstantini.
1093 175 1176 234 Ne
1201 177 1333 242 hoe,
1358 180 1584 250 inquam
1605 220 1620 240 ,
1641 179 1737 234 ad·

343 281 351 290 ·
418 258 740 315 miserimus.
766 257 906 312 Nam
947 258 1026 328 pri
1036 274 1184 312 mum
1211 273 1320 312 non
1349 259 1491 312 male
1517 257 1735 314 defendi

417 341 584 406 potest
619 351 746 391 cum
773 333 1030 390 Duareno
1067 337 1171 390 ls'b.
1199 337 1253 391 ⁶2.
1287 337 1432 405 Disp.
1451 343 1506 392 ct
1529 335 1737 390 Conna-

416 429 491 468 no
549 413 664 469 Lib.
721 414 772 468 t.
828 414 1109 470 Commeat.
1151 415 1274 468 Jur.
1317 413 1388 488 (5)
1428 411 1739 485 aequitatem

413 491 671 562 scriptam
697 508 808 548 non
837 505 984 562 pesse
1009 489 1146 554 ‹lic-i,
1173 490 1274 548 nisi
1307 492 1502 562 inepte.
1529 493 1667 547 Nam
1694 491 1741 548 si

415 571 640 640 aequitas
663 577 740 625 est
769 569 909 640 juris
933 571 1112 641 scripti
1141 569 1449 626 emendatio
1467 610 1484 633 ,
1505 577 1560 626 et
1583 570 1740 642 quasi

417 648 786 720 interpretatio
811 648 944 717 legis
965 649 1286 704 sententiam
1315 647 1578 714 retinens3
1601 657 1654 704 et
1682 649 1741 704 in

415 743 475 783 re
499 733 682 798 aper-m
717 726 908 797 scripta
937 743 1046 781 non
1075 737 1152 783 est
1177 743 1312 799 opus
1347 727 1742 798 interpretatio-

416 821 514 860 ne:
543 823 652 862 non
681 811 846 876 potest
873 804 986 858 ulla
1013 805 1236 876 aequitas
1259 803 1456 878 scripta
1490 805 1744 875 intelligi.

415 884 554 946 Sed,
597 891 655 940 ut
680 883 1074 958 concedamus,
1127 883 1436 956 aequitatem
1487 883 1743 953 scriptam

413 961 655 1034 aliquam
698 971 841 1017 recte
881 961 1020 1016 dici:
1063 972 1244 1018 tamen
1269 961 1410 1018 illud
1439 979 1551 1018 non
1577 969 1745 1034 potest

413 1041 664 1102 defendi,
701 1049 764 1096 ut
802 1040 1078 1103 dicamus,
1119 1039 1431 1096 habendam
1471 1039 1739 1096 rationem

411 1119 684 1190 aequitatis
729 1116 966 1189 scriptae:
1006 1119 1161 1190 quasi
1201 1135 1310 1174 non
1351 1119 1562 1190 seriptae
1602 1117 1739 1172 ratio

413 1213 526 1252 non
565 1197 637 1255 sit
675 1197 947 1254 habenda.
987 1197 1107 1264 Quo
1156 1197 1290 1268 quid
1331 1196 1502 1268 magis
1540 1196 1736 1252 falsum

413 1275 526 1331 est?
553 1275 1014 1346 Convineiturque
1038 1276 1166 1334 satis
1187 1293 1256 1330 ex
1295 1275 1391 1341 iis,
1424 1291 1547 1346 quae
1581 1275 1747 1346 paulo

413 1361 538 1409 ante
561 1355 818 1412 diximus.
843 1355 1044 1409 Amoto
1073 1355 1239 1423 igitur
1267 1354 1364 1410 illo
1387 1355 1583 1418 verbo,
1618 1356 1746 1409 scri-

401 1439 510 1502 ptoe
527 1474 541 1497 ,
567 1450 650 1489 res
675 1431 751 1488 ita
777 1431 1095 1501 explicanda
1122 1440 1216 1488 est.
1243 1433 1492 1502 AEquitas
1529 1433 1587 1488 in
1619 1431 1745 1503 jure

411 1512 696 1582 spectanda
721 1518 822 1566 est:
843 1509 932 1578 jus
957 1511 1190 1582 henigne
1233 1511 1699 1582 interpretandum
1735 1527 1747 1562 :

411 1589 679 1661 aequitatis
729 1590 868 1644 ratio
919 1589 1122 1658 potior,
1155 1605 1325 1662 quam
1363 1588 1538 1646 stricti
1573 1588 1735 1658 juris:

413 1684 606 1738 nempe
673 1667 930 1723 hactenus
959 1709 974 1730 ‚
1029 1677 1088 1725 ut
1139 1667 1256 1722 dixi
1286 1664 1305 1728 ',
1357 1674 1417 1722 ut
1447 1708 1462 1733 ,
1515 1681 1739 1722 manen-

415 1755 467 1802 te
489 1747 636 1817 jure.
663 1747 730 1802 (le
756 1761 868 1815 quo
909 1745 1116 1814 agitur,
1157 1747 1224 1801 de
1262 1763 1326 1800 eo
1365 1761 1430 1801 ex
1471 1745 1743 1817 requitatis

416 1826 604 1895 regula
633 1830 918 1879 statuatur.
943 1825 1099 1890 Quod
1131 1827 1202 1880 ita
1231 1824 1320 1888 fit,
1357 1824 1400 1878 si
1437 1841 1550 1878 non
1585 1826 1741 1880 tolla-

415 1909 507 1957 tur
530 1912 701 1960 totum
719 1944 732 1966 ,
759 1902 914 1972 quasi
945 1911 1148 1968 totum,
1174 1910 1227 1958 et
1257 1904 1416 1973 plane
1453 1902 1743 1974 iniquum:

416 1982 506 2036 sed
539 1991 600 2036 ut
627 1980 682 2034 in
713 1979 828 2040 his.
853 1989 948 2036 aut
973 1980 1084 2036 illis
1105 1980 1318 2038 casibus
1341 1981 1599 2052 iniquum
1619 2021 1634 2042 ,
1659 1997 1745 2036 ea-

416 2067 573 2114 tenus
622 2066 964 2130 temperetur.
1001 2060 1066 2116 ld
1103 2061 1178 2116 sic
1215 2063 1635 2130 interpretamur
1673 2071 1739 2116 ex

416 2137 610 2212 verbis.
640 2137 830 2208 Neque
855 2139 1004 2194 enim
1031 2138 1336 2210 inquitatem
1364 2145 1600 2208 spectare
1627 2155 1743 2210 pos-

412 2231 600 2270 sumus
624 2213 680 2269 in
703 2217 851 2287 jure,
875 2215 982 2274 nisi
1005 2217 1075 2271 sit
1103 2233 1220 2272 vere
1240 2216 1357 2286 jus,
1383 2215 1439 2272 in
1468 2231 1580 2286 quo
1616 2233 1737 2272 eam

415 2293 718 2362 :equitatem
760 2303 1080 2366 spectemus:
1121 2311 1221 2350 nec
1259 2301 1336 2350 est
1365 2295 1740 2366 interpretatio

409 2370 580 2440 juris,
605 2372 708 2428 nisi
735 2372 1008 2430 constituti
1035 2380 1090 2430 et
1113 2373 1382 2430 exstantis:
1407 2389 1507 2428 nec
1534 2373 1735 2428 intolli-

413 2448 562 2519 gitur
583 2449 672 2520 jus
695 2451 942 2508 strictum
971 2451 1029 2507 in
1056 2454 1189 2522 lego,
1213 2451 1318 2507 nisi
1345 2453 1415 2507 ad
1442 2452 1731 2508 discrimen

413 2527 558 2596 ejus,
589 2530 736 2598 quod
797 2529 851 2586 in
908 2531 1098 2585 eadem
1151 2531 1266 2600 lege
1303 2546 1426 2585 cum
1469 2529 1732 2585 sententia

415 2616 469 2662 ct
495 2615 681 2663 mente
717 2607 851 2679 legis
889 2609 1241 2679 conjunctum
1305 2616 1398 2665 est.
1455 2609 1733 2678 Ejusmodi

417 2684 786 2756 interpretatio
811 2696 864 2743 et
891 2694 1376 2758 temperamentum
1405 2688 1461 2743 in
1505 2688 1746 2757 legibus,

415 2770 582 2833 atque
607 2764 758 2821 omni
782 2765 906 2835 jure
929 2767 1188 2823 omnibus
1213 2782 1520 2821 concessum
1549 2776 1657 2828 est,
1687 2774 1744 2821 ut

413 2842 686 2913 superiora
717 2844 962 2914 exempla
991 2842 1204 2913 liquido
1229 2844 1476 2914 probant.
1503 2844 1614 2899 Nec
1639 2862 1749 2900 me-

415 2922 684 2975 tuendum
711 2928 804 2985 est,
831 2938 898 2976 ne
923 2933 1018 2979 aut
1047 2922 1143 2977 [iat
1171 2923 1226 2976 in
1253 2938 1316 2977 eo
1340 2932 1524 2978 contra
1553 2924 1747 2991 legem,

413 3014 540 3053 eum
567 3016 630 3053 eo
658 3002 819 3056 modo
844 3001 1178 3057 voluntatem
1207 2999 1340 3071 legis
1363 3016 1750 3057 conservemus:

358 3118 366 3125 .
417 3087 512 3132 aut
539 3076 612 3134 ita
643 3077 1048 3150 interpretando
1075 3078 1398 3149 legislatoris
1436 3087 1611 3151 partes
1651 3094 1747 3134 no-

399 3154 504 3211 ‘bis
531 3172 875 3225 arrogemus,
901 3175 1028 3213 eum
1047 3198 1061 3222 ,
1086 3158 1130 3214 si
1155 3157 1293 3227 quid
1324 3157 1415 3213 hic
1450 3158 1518 3215 sit
1557 3174 1624 3213 ex
1660 3172 1751 3213 vo-

419 3232 628 3292 luntate
669 3234 833 3301 legis,
872 3236 926 3291 id
967 3238 1056 3291 lex
1109 3244 1342 3292 statuere
1383 3236 1751 3307 intelligatur,

417 3326 530 3367 non
559 3310 692 3379 legis
711 3310 1043 3385 interpretes,
1069 3316 1168 3379 At,
1195 3314 1290 3371 ubi
1331 3324 1506 3371 totum
1534 3317 1622 3387 jus
1648 3314 1751 3370 ini-

417 3402 593 3458 quum
619 3388 882 3455 dicimus,
911 3391 1076 3463 idque
1103 3392 1312 3464 agitur,
1345 3402 1404 3449 ut
1442 3400 1615 3449 totum
1652 3394 1755 3449 tol-

421 3467 596 3523 latur:
651 3468 750 3523 hoc
804 3486 929 3525 vero
987 3472 1148 3526 modo
1183 3472 1553 3543 interpretari,
1587 3479 1754 3541 atque

420 3542 522 3599 hoe
561 3544 734 3603 facore
777 3546 984 3623 privato
1023 3550 1284 3619 cuiquam
1324 3566 1432 3606 non
1471 3550 1621 3614 licet,
1661 3550 1751 3604 sed

484 3733 558 3797 (5)
595 3732 871 3802 Quatenus
909 3735 1048 3785 enim
1083 3752 1286 3786 summo
1323 3737 1424 3803 juri
1459 3736 1747 3803 opponitur

420 3808 680 3865 requitns,
717 3817 781 3849 ex
827 3801 1032 3851 ratione
1079 3802 1306 3851 naturali
1365 3818 1571 3867 semper
1605 3802 1749 3851 sesti-

363 3920 370 3927 ·
423 3863 550 3912 mari
589 3864 779 3926 ‹li-brt,
813 3882 926 3931 quae
963 3882 1068 3914 non
1105 3866 1276 3927 alibi,
1321 3882 1478 3931 quam
1522 3866 1580 3915 in
1619 3868 1749 3915 bene

420 3930 614 3978 neiisati
666 3932 916 3996 cujusque
965 3939 1144 3981 mente
1194 3948 1222 3978 a
1263 3930 1374 3983 Deo
1421 3928 1553 3998 opt.
1601 3928 1745 3983 Max.

421 3996 620 4057 scripta
651 4033 665 4053 ‚
701 3994 880 4061 inquit
917 3994 964 4046 Δ
1007 3992 1138 4046 Fal).
1175 3995 1252 4047 ad
1299 3998 1360 4047 L.
1401 3994 1478 4059 ¹4.
1523 3994 1592 4048 de
1639 3999 1748 4047 LL.

423 4057 716 4108 Mattheus.
759 4077 804 4109 1.
849 4062 920 4112 de
970 4067 1080 4111 Vm
1122 4063 1248 4133 jur.
1294 4076 1348 4109 n.
1405 4076 1484 4127 ¹7·
1537 4068 1592 4110 et
1639 4076 1750 4126 seq.

424 4128 698 4188 „⁴fa'qecitav,
735 4131 784 4176 .ςί
821 4128 1134 4187 scribatur,
1173 4142 1279 4177 non
1315 4130 1554 4197 amplius
1587 4132 1754 4194 oequi-

420 4201 512 4264 tas·
553 4190 758 4255 siam-ce
779 4228 794 4250 ,
831 4196 880 4242 si
926 4195 1100 4261 ipsius
1135 4191 1470 4259 dignitatem
1495 4232 1508 4253 ‚
1541 4205 1590 4243 et
1623 4210 1754 4269 pro-

421 4271 604 4320 priam
643 4259 934 4318 rationem,
973 4276 1078 4307 non
1121 4276 1450 4309 communem
1492 4259 1753 4325 inspicia-

423 4336 563 4367 mus:
602 4332 738 4369 sec-nt
773 4321 932 4389 filius
955 4358 972 4381 ‚
1008 4336 1218 4373 mor-tuo
1253 4338 1413 4393 patr-e
1437 4359 1455 4382 ,
1491 4336 1669 4373 tamen
1706 4326 1757 4371 ι’·-

423 4380 550 4431 dem
588 4399 662 4433 cst
703 4387 880 4435 homo.
918 4391 1434 4454 AEqm'm.er·etat1'ua
1470 4390 1614 4455 legis
1649 4405 1757 4437 non

423 4460 602 4512 potest
653 4453 851 4512 scribi,
885 4454 1017 4517 quia
1053 4466 1181 4503 tuen:
1215 4456 1307 4503 lex
1327 4453 1498 4522 ster-et
1524 4491 1541 4514 ‚
1591 4468 1757 4519 neque

425 4524 566 4559 esset
607 4516 1030 4583 interpretatio:
1067 4518 1164 4567 sed
1201 4520 1321 4587 ipsa
1360 4530 1544 4585 egeret:
1581 4520 1757 4568 inter·-

426 4582 763 4641 pretatione.
817 4574 890 4625 Et
927 4578 1090 4629 Alex.
1123 4580 1402 4631 'l'uramim
1454 4584 1570 4634 Lib.
1605 4584 1757 4649 sing.

1237 71 1558 132 mmoxts
1597 71 1913 132 noxntJJ
1956 69 2329 130 cosmam.

2994 76 3083 136 tot

1812 179 1910 234 soli
1950 178 2211 250 principi:
2239 177 2447 250 optima
2484 177 2706 234 ratione.
2746 177 2830 236 Sic
2860 180 2990 238 enim
3015 184 3091 254 jus

1816 268 1965 313 vetus
1990 257 2393 328 interpretando
2416 259 2479 313 lit
2494 287 2513 321 ,·
2538 266 2597 314 ut
2622 267 2673 314 et
2700 257 2841 330 prius
2862 260 2915 315 id
2938 266 3081 316 mute-

1816 349 1959 400 mus,
2000 345 2051 392 et
2090 338 2254 391 simul
2292 336 2675 392 constituamus
2712 353 2927 400 novum,
2956 339 3087 409 ,quod

1818 414 1913 469 soli
1968 415 2203 486 principi
2255 415 2425 470 tacere
2462 421 2765 470 concessum
2802 423 2887 470 est.
2922 417 2975 472 L.
3008 417 3089 472 ult.

1818 493 1874 562 S.
1919 492 1969 548 1.
2008 495 2068 548 C.
2104 495 2169 549 de
2215 494 2388 563 Leqib.
2426 493 2585 548 Hanc
2608 492 3091 550 sententiamoesed.

1825 572 1883 626 L.
1937 571 1985 628 1.
2026 573 2084 628 C.
2122 573 2235 627 eod.
2274 572 2436 628 verba
2476 571 2842 628 declarabunt.
2867 569 3093 626 Nomina-

1820 648 1921 704 tim
1958 649 2202 720 loquitur
2250 651 2337 705 lex
2390 651 2460 706 (le
2514 649 2933 721 interpretatione
2974 649 3094 704 inter

1818 729 2161 798 inquitatem,
2184 739 2239 784 et
2270 728 2358 800 jus
2398 726 2892 800 interposita.·Tunc
2926 726 3097 782 dicitnr

1822 805 2091 877 interponi
2132 805 2501 877 interpretatio
2555 807 2697 862 inter
2742 805 3023 876 aequitatem
3054 813 3101 860 et

1818 887 1907 956 jus
1924 925 1939 948 ,
1975 900 2101 940 cum
2130 884 2499 958 interpretatio
2524 882 2797 941 constituit
2820 900 2871 938 se
2895 881 3099 937 mediam

1826 963 1965 1018 inter
2005 962 2119 1019 haec
2157 963 2299 1026 duo,
2338 971 2399 1019 ut
2435 964 2743 1035 aequitatem
2782 978 2813 1016 a
2846 961 2959 1032 jure
2980 975 3103 1030 sepa-

1818 1050 1929 1104 ret:
1968 1041 2267 1112 separando
2306 1040 2484 1105 dicat,
2525 1043 2647 1098 ideo
2683 1042 2771 1114 jus
2795 1037 3104 1100 mutandum,

1817 1119 1952 1189 quia
1989 1119 2277 1189 iniquum,
2314 1135 2405 1174 seu
2428 1121 2561 1190 quia
2592 1131 2776 1176 contra
2815 1116 3107 1188 inquitatem.

1822 1199 1937 1252 Hoc
1975 1206 2155 1253 autem
2198 1207 2327 1252 tunc
2365 1199 2539 1253 solum
2582 1207 2723 1254 recte
2761 1195 2965 1258 dieitur,
2996 1209 3107 1248 eum

1824 1276 2047 1348 a‘quitas
2084 1277 2183 1333 toti
2220 1276 2326 1346 legi
2366 1276 2671 1347 opponitur.
2711 1275 2877 1336 Nam,
2898 1274 3107 1327 cumlex

1824 1357 2077 1424 aequitate
2113 1362 2442 1426 temperatur
2481 1365 2697 1412 tantum
2736 1370 2801 1410 ex
2840 1357 3009 1422 parte.
3040 1348 3107 1404 ibi

1819 1449 1929 1488 non
1969 1441 2245 1504 separatur
2287 1433 2375 1503 jus
2426 1435 2497 1488 ab
2551 1433 2833 1506 aequitate.
2869 1443 3029 1498 neque
3062 1426 3111 1482 in

1821 1511 1887 1566 iis
1925 1511 2169 1575 casibuS,
2208 1511 2264 1566 in
2306 1511 2508 1583 quibus
2546 1512 2798 1568 volumus
2820 1509 2982 1576 legem
3008 1522 3115 1560 eon-

1815 1607 2055 1653 servare,
2094 1606 2220 1645 eum
2263 1591 2319 1645 in
2360 1589 2447 1644 his
2481 1591 2569 1663 ius
2604 1603 2827 1661 aequum
2866 1601 2967 1641 esse
2992 1583 3117 1638 dica-

1822 1685 1970 1732 mus3
2012 1685 2187 1740 neque
2234 1668 2294 1723 in
2336 1667 2430 1730 iis,
2467 1685 2603 1740 quos
2652 1676 2869 1739 propter
2920 1661 3116 1733 aequita-

1820 1757 1927 1802 tem
1968 1746 2291 1818 excipimus,
2329 1747 2461 1816 quia
2512 1749 2571 1803 in
2626 1747 2717 1801 his
2766 1747 3029 1814 separatur
3064 1755 3119 1792 te·

1818 1826 2000 1896 quitas
2026 1842 2136 1880 non
2165 1841 2195 1879 a
2222 1825 2369 1897 jure,
2396 1826 2489 1880 sed
2516 1843 2547 1880 a
2574 1824 2755 1881 verbis
2778 1819 2933 1894 juris.
2958 1817 3119 1874 Verba

1820 1911 2000 1959 autem
2027 1903 2145 1959 sine
2169 1903 2429 1960 sententia
2458 1904 2690 1975 legisjus
2718 1919 2827 1958 non
2854 1907 2991 1954 sunt.
3003 1897 3121 1983 Item

1822 1990 2100 2053 separatur
2138 1983 2363 2052 aequitas
2400 1999 2431 2038 a
2472 1983 2655 2038 stricto
2694 1995 2847 2051 jure,
2885 1981 3035 2033 utest
3071 1988 3123 2027 ιιι

1824 2063 1879 2117 l..
1920 2063 2159 2130 placuit,
2198 2061 2256 2116 C.
2294 2063 2357 2116 dc
2390 2063 2514 2128 jud.
2554 2059 2819 2116 Strictum
2848 2065 3017 2111 autem
3036 2050 3123 2122 ius,

1821 2157 1929 2193 non
1970 2147 2046 2194 est
2080 2139 2183 2210 jus.
2238 2138 2523 2210 Siquidem
2561 2137 2649 2209 jus
2685 2155 2801 2194 non
2840 2141 2945 2198 est,
2980 2130 3123 2218 quid-

1816 2217 1951 2288 quid
2008 2219 2097 2271 lex
2136 2217 2344 2279 noluit,
2383 2217 2659 2289 quidquid
2700 2225 2781 2272 est
2818 2231 2847 2270 a
2887 2216 3127 2267 sententia

1816 2295 1953 2364 legis
1990 2293 2267 2358 alienum,
2304 2297 2469 2366 quale
2508 2311 2614 2351 esse
2649 2295 2741 2367 jus
2767 2289 3130 2350 strictum.su·

1813 2390 1907 2444 pra
1950 2373 2210 2428 diximus.
2249 2374 2319 2430 Et
2358 2373 2593 2429 breviter
2630 2385 2778 2428 recte
2818 2371 2895 2426 ita
2923 2364 3130 2424 definie-

1816 2467 1951 2508 mus,
1978 2451 2271 2522 AEquitatis
2308 2452 2481 2522 speeie
2505 2453 2574 2508 ad
2602 2460 2783 2508 totum
2807 2450 2896 2522 jus
2920 2441 3129 2530 aliquod

1814 2529 2118 2586 tollendum
2159 2529 2241 2584 nti
2281 2547 2391 2586 non
2430 2530 2588 2590 lic-et.
2626 2529 2735 2585 nisi
2764 2526 2867 2584 soli
2890 2521 3135 2597 principi.

1816 2609 1971 2677 Quod
2012 2615 2192 2664 autem
2226 2609 2315 2681 jus
2354 2610 2603 2664 volumus
2651 2622 2908 2668 manere.
2944 2603 3031 2667 id,
3066 2616 3128 2655 ae-

1820 2686 2029 2759 quitate
2078 2688 2363 2749 suadente,
2402 2696 2701 2758 temperare
2752 2698 3059 2758 possumus,
3090 2684 3137 2734 ἃ

1823 2767 2112 2829 dehemus,
2154 2765 2210 2819 id
2250 2774 2326 2821 est
2367 2764 2441 2820 ita
2480 2766 2568 2836 jus
2593 2764 2862 2827 retinere,
2889 2769 2949 2815 ut
2974 2770 3135 2815 tamen

1828 2845 1867 2899 ii
1908 2859 2061 2899 casim
2096 2842 2467 2913 excipiantur,
2509 2843 2567 2899 in
2607 2842 2819 2915 quibus
2843 2858 2953 2896 non
2978 2836 3143 2892 videa·

1826 2932 1917 2979 tur
1954 2938 2172 2992 {equum
2212 2923 2373 2977 verba
2401 2938 2641 2977 servare:
2669 2922 2845 2992 idque
2872 2918 2953 2973 rel
2980 2932 3037 2971 eo
3058 2930 3143 2969 no-

1830 3000 1979 3057 mine
2019 3000 2289 3063 maxime,
2329 3000 2475 3071 quod
2518 3002 2604 3055 lex
2650 3000 2725 3055 ita
2768 2998 2891 3055 fieri
2930 2996 3068 3054 vult,
3098 3000 3147 3047 et

1825 3080 1899 3136 ita
1942 3078 2289 3148 temperando
2328 3078 2589 3134 voluntati
2632 3078 2775 3147 legis
2813 3087 3077 3148 paremus.

1902 3158 2055 3211 xlv.
2094 3157 2249 3223 Quod
2300 3163 2482 3211 tamen
2524 3156 2806 3221 diximus,
2847 3159 3055 3226 propter
3088 3162 3147 3203 ἵε·

1828 3236 2096 3307 quitatem
2136 3251 2169 3290 a
2208 3234 2387 3291 verbis
2426 3234 2561 3303 legis
2600 3234 2656 3290 in
2699 3234 2991 3304 aliquibus
3012 3242 3149 3283 caus-

1828 3314 1900 3369 sis
1939 3314 2183 3368 recedere
2232 3312 2424 3375 lirere,
2464 3320 2516 3368 et
2556 3312 2630 3369 ita
2683 3313 2865 3383 legem
2914 3306 3149 3379 aequitate

1831 3391 2132 3456 moderari,
2172 3408 2281 3447 non
2318 3402 2394 3447 est
2422 3402 2759 3463 perpetuum.
2788 3391 2951 3445 Tunc
2976 3398 3151 3442 verum

1830 3488 1941 3527 non
1980 3479 2087 3535 est,
2128 3470 2201 3544 (a)
2240 3486 2367 3525 cum
2423 3471 2585 3524 verba
2640 3469 2781 3539 legis
2837 3468 2915 3523 ita
2968 3462 3151 3534 scripta

1832 3555 1986 3612 sunt,
2028 3560 2087 3604 ut
2124 3556 2380 3619 appareat
2418 3547 2785 3617 legislatorem
2812 3546 2969 3611 velle,
2991 3544 3151 3613 legem

1830 3739 2013 3808 quitus
2066 3739 2135 3787 sit
2191 3740 2496 3797 correctio,
2534 3750 2584 3787 et
2621 3734 2941 3786 moderatio
2978 3731 3154 3799 legiti-

1830 3806 1928 3862 mi,
1964 3822 2028 3852 ac
2064 3805 2263 3869 scripti
2292 3805 2475 3879 jen-is.
2515 3798 2692 3850 Arist.
2733 3801 2787 3849 5.
2814 3796 2950 3849 Eth.
2990 3810 3063 3846 10.
3088 3796 3159 3845 sic

1828 3870 2193 3935 contingen-et,
2214 3885 2295 3917 sm
2334 3870 2506 3935 ipsius
2542 3866 2983 3917 emendatione-m
3017 3870 3159 3918 esse}

1830 3931 1977 4001 ιμιοά
2012 3944 2091 3983 est
2126 3935 2545 3999 ineptisstmum.
2568 3929 2641 3980 Et
2674 3946 2735 3980 n.
2774 3931 2865 3994 46.
2896 3928 3158 3983 Scribitm·

1832 4016 1971 4069 ,ηερε
2022 3996 2167 4066 quod
2202 4015 2409 4064 aeqmtm
2448 4010 2548 4047 est.-
2588 3994 2657 4045 L.
2718 4012 2769 4045 ι.
2804 3996 2873 4046 de
2924 3998 3065 4066 pactg
3100 3986 3161 4037 L-

1840 4078 1885 4110 1.
1920 4062 1986 4110 de
2022 4063 2155 4111 min.
2190 4062 2286 4113 sed
2322 4065 2434 4111 ista
2476 4066 2757 4132 scriptura
2798 4063 2983 4127 magis
3004 4058 3163 4125 Jewet

1832 4129 2106 4196 (equitati,
2140 4144 2300 4195 quum
2340 4138 2399 4175 ut
2438 4129 2648 4179 scribat
2686 4130 3028 4195 oequittztem·
3064 4122 3164 4173 Ne·

1832 4210 1935 4263 que
1968 4209 2179 4261 (equum
2230 4190 2379 4241 illud
2414 4202 2493 4241 est
2518 4228 2538 4252 ,
2571 4209 2683 4259 qua
2730 4193 3039 4247 scribitur,
3074 4182 3165 4236 sed

1833 4275 1940 4325 qua
1974 4258 2151 4324 legem
2199 4254 2544 4307 moderatur.
2582 4258 2722 4309 Nam
2777 4260 2842 4307 in
2890 4272 2952 4305 eo
2973 4290 2995 4315 ,
3016 4246 3165 4370 (de

1835 4322 2104 4371 scvibima·
2131 4358 2147 4382 ,
2226 4323 2427 4389 poterit
2488 4324 2573 4372 ali
2610 4318 2802 4371 nando
2864 4338 3013 4371 emen
3060 4332 3167 4367 art-

1835 4384 2193 4436 Conscntiunt
2243 4385 2399 4435 vult.
2434 4387 2511 4437 ad
2593 4422 2608 4435 .
2654 4402 2700 4435 ι.
2734 4389 2890 4437 Inst-
2926 4384 2996 4436 de
3030 4388 3078 4436 Ι.
3120 4392 3168 4430 et

1840 4455 1888 4505 I.
1926 4472 1979 4501 n.
2037 4451 2087 4500 3.
2134 4447 2339 4499 Bronh.
2382 4466 2427 4499 ι.
2468 4457 2588 4503 Ass.
2624 4450 2671 4501 5.
2724 4446 2787 4498 P.
2828 4448 2961 4499 Fab.
3016 4452 3073 4499 in
3108 4449 3165 4495 L·

1834 4532 1918 4583 90.
1952 4516 2020 4566 de
2064 4520 2123 4567 lt.
2161 4520 2283 4567 Jur.
2322 4513 2483 4565 Fach.
2531 4531 2573 4564 t.
2614 4520 2810 4567 Contr.
2848 4514 2901 4565 3.

1900 4582 1955 4648 (6
2010 4578 2201 4645 Τίηεῑ.
2256 4580 2333 4631 ud
2372 4584 2434 4630 L.
2484 4580 2539 4629 8.
2572 4584 2637 4631 Γ.
2690 4580 2757 4630 de
2816 4598 2999 4631 revoc-
3044 4576 3173 4629 ‹Ion-

431 4638 500 4690 de
544 4642 652 4691 LL·
687 4646 753 4694 P.
799 4642 848 4691 3.
885 4646 946 4695 C.
984 4644 1033 4693 3.
1071 4660 1125 4692 n.
1158 4644 1242 4708 43.
1279 4654 1336 4695 et.
1369 4662 1483 4714 seq.
1517 4652 1652 4701 Cum
1686 4664 1761 4697 ω-
1838 4645 1951 4697 Ver
1991 4679 2004 4694 .
2046 4650 2302 4708 Liber-tis,
2338 4666 2393 4696 η.
2432 4646 2518 4711 69.
2554 4644 2598 4693 si
2637 4644 2797 4699 verba
2848 4646 2992 4693 clara
3010 4680 3033 4705 ,
3070 4656 3171 4689 non
