3327 5214
451 129 560 190 107

440 245 674 298 omnium
693 283 708 304 .
735 239 803 299 D.
829 242 893 299 de
937 243 1108 314 nmo.
1134 241 1284 300 hand
1321 241 1490 300 dubie
1529 241 1763 314 positum

441 319 576 376 olim
605 338 638 377 a
663 320 886 377 Juliano
911 322 979 377 ad
1007 322 1295 378 diluendas
1327 321 1588 392 ejusmodi
1615 320 1767 391 obje-

437 397 668 466 ctiones,
718 417 828 456 non
877 400 1158 464 omnium,
1208 401 1357 472 quod
1395 417 1428 456 a
1469 398 1769 470 majoribus

437 478 724 534 constituta
765 487 911 544 sunt,
951 477 1216 535 rationem
1259 477 1412 534 reddi
1443 493 1606 549 posse.
1643 477 1765 544 Quo

437 569 551 610 non
577 556 915 627 significatur
931 597 946 620 ,
971 556 1145 626 legem
1185 556 1430 628 aliquam
1455 571 1563 612 esse
1587 571 1764 626 posse,

437 647 560 703 quae
588 633 796 690 ratione
821 645 1000 692 careat
1039 637 1202 709 (nam
1241 635 1286 690 si
1327 635 1417 690 lex
1455 634 1763 690 consultum

435 719 514 766 est
537 711 779 769 virorum
805 713 1187 784 prudentium,
1220 721 1278 769 ut
1303 709 1564 768 delinitur
1605 710 1665 766 in
1704 712 1765 767 L.

440 789 491 844 1.
517 791 585 846 D.
609 793 674 847 de
717 793 890 860 chib.
916 791 1070 847 nulla
1096 792 1186 847 lex
1213 790 1430 848 estsine
1455 789 1677 846 ratione:
1702 805 1766 844 ae

433 869 586 927 nulla
613 885 723 926 esse
764 867 1026 940 ejusmodi
1070 869 1310 941 putanda
1353 869 1490 942 est):
1529 868 1622 924 sed
1665 868 1767 922 boe

432 946 670 1012 dieitur,
721 964 832 1004 non
881 965 1091 1020 semper
1141 965 1260 1005 enm
1301 945 1597 1008 rationem,
1637 961 1759 1018 qum

433 1025 604 1082 movit
654 1025 1010 1098 legislatorem
1039 1067 1056 1091 .
1104 1027 1264 1083 nobis
1311 1041 1420 1085 esse
1467 1023 1759 1094 cognitam.

435 1103 558 1168 Qua
599 1120 668 1160 ex
707 1121 764 1159 re
803 1105 898 1169 fit,
944 1115 1037 1170 ut,
1089 1104 1338 1177 quamvis
1391 1101 1596 1174 optima
1649 1102 1761 1156 fue·-

431 1181 537 1245 rit‚
573 1191 754 1240 tamen
794 1199 826 1238 a
865 1183 1024 1240 nobis
1047 1183 1201 1240 reddi
1227 1199 1338 1240 non
1368 1179 1546 1254 possit.
1569 1179 1759 1251 Itaque

429 1258 486 1314 in
543 1260 810 1333 proposito
861 1263 1110 1334 exemplo
1163 1261 1225 1317 L.
1263 1262 1574 1332 prospexit,
1612 1258 1755 1314 dice*

428 1353 580 1402 mus,
617 1339 714 1396 etsi
755 1340 910 1396 nobis
949 1341 1184 1404 durum,
1221 1348 1274 1394 et
1311 1337 1566 1410 iniquum
1608 1336 1755 1392 vide-

427 1423 520 1472 tur
553 1418 701 1488 quod
741 1416 800 1472 in
839 1434 900 1474 ea
939 1419 1110 1491 specie
1145 1417 1498 1478 eonstitutum
1539 1423 1641 1470 oet:
1669 1425 1748 1470 ta-

425 1509 553 1550 men
593 1512 692 1552 nee
729 1496 930 1552 durum
949 1537 964 1560 ,
1003 1514 1102 1552 nec
1153 1496 1408 1567 iniquum
1461 1510 1586 1549 esse.
1635 1494 1749 1548 Lex

425 1571 576 1628 enim
613 1589 770 1630 suam
808 1575 1074 1632 rationem
1113 1574 1323 1632 habuit.
1364 1571 1438 1646 (9)
1473 1572 1660 1642 Neque
1686 1587 1749 1626 eo

425 1652 608 1708 minus
647 1652 874 1716 habuit,
910 1654 1042 1725 quia
1080 1653 1218 1709 ratio
1256 1651 1414 1708 nobis
1451 1649 1632 1718 ignota
1657 1658 1752 1704 est.

422 1727 546 1785 Non
587 1729 736 1788 enim
775 1733 1024 1788 omnium
1075 1746 1259 1788 rerum
1309 1728 1448 1784 ratio
1502 1743 1534 1782 a
1585 1725 1747 1788 nobis

317 1821 320 1824 ·
421 1808 576 1863 reddi
617 1818 802 1880 potest.
851 1808 1010 1866 Unde
1047 1817 1186 1865 reete
1225 1807 1458 1862 insertur
1495 1803 1554 1860 in
1597 1805 1660 1859 L.
1698 1811 1748 1860 et

419 1887 570 1950 ideo,
609 1901 716 1958 seq.
766 1888 836 1943 D.
872 1889 940 1943 de
979 1888 1165 1958 Legib.
1213 1887 1290 1942 Et
1341 1885 1458 1940 ideo
1509 1885 1743 1938 ratium

419 1979 630 2030 cortem,
654 1981 774 2036 quoe
795 1969 1182 2023 constituuntur
1196 2004 1212 2029 ‚
1232 1965 1441 2034 inquiri
1463 1977 1571 2018 non
1592 1975 1749 2030 mor*

419 2049 506 2097 tet.
531 2041 650 2098 Hoc
685 2043 1030 2117 simpliciter,
1055 2051 1108 2100 et
1145 2045 1206 2100 in
1245 2041 1560 2098 universum
1585 2037 1630 2094 si
1657 2038 1740 2093 di-

417 2119 590 2186 eitur,
627 2121 826 2178 falsum
865 2132 958 2178 est.
998 2123 1254 2179 Rationes
1287 2119 1439 2175 enim
1479 2115 1612 2186 legis
1662 2112 1747 2174 in·-

415 2199 566 2269 quiri
605 2201 673 2255 ad
712 2201 978 2272 quasdam
1016 2217 1098 2256 res
1136 2217 1244 2256 non
1269 2199 1446 2254 solum
1475 2195 1607 2252 utile
1639 2203 1743 2258 est,

413 2277 506 2332 sed
549 2287 600 2334 et
639 2294 800 2350 prope
839 2280 1225 2343 necessarium,
1263 2276 1532 2349 primum,
1555 2289 1625 2328 1¹0
1648 2272 1745 2327 fld-

419 2371 601 2412 versus
639 2357 904 2414 rationem
947 2357 1078 2428 legis
1111 2358 1200 2429 jus
1222 2369 1523 2415 servemus,
1549 2360 1610 2406 ut
1635 2367 1741 2406 ser-

415 2435 654 2490 vandum
695 2452 806 2500 non
843 2451 984 2500 oese,
1005 2452 1104 2491 nee
1141 2431 1339 2492 servari
1357 2475 1372 2495 .
1409 2441 1534 2488 ante
1558 2429 1743 2484 docui-

415 2526 572 2568 mus:
613 2512 813 2570 deinde
853 2523 940 2576 ut,
977 2513 1184 2570 ratione
1208 2511 1342 2582 legis
1363 2509 1595 2580 cognita,
1621 2523 1741 2578 pro-

414 2589 678 2648 ducamus
716 2592 854 2664 leges
893 2592 965 2648 ad
1001 2605 1154 2649 casus
1188 2591 1420 2653 similes,
1444 2587 1592 2661 quod
1621 2584 1741 2643 lieri

411 2670 608 2726 debere
663 2671 974 2743 praeeipitur
1013 2672 1072 2727 in
1129 2672 1188 2727 L.
1223 2686 1332 2725 non
1377 2672 1624 2738 possunt.
1678 2665 1740 2721 L·

391 2757 538 2803 'nam
562 2789 574 2811 ‚
611 2758 672 2805 ut
711 2752 822 2815 ait,
858 2750 928 2805 D.
965 2752 1030 2805 de
1068 2748 1252 2819 Leqib.
1291 2747 1394 2803 Sed
1430 2745 1579 2818 quod
1606 2742 1741 2799 dici-

410 2834 503 2884 tur
545 2826 598 2883 in
642 2830 696 2883 d.
735 2830 798 2885 L.
839 2835 891 2885 et
925 2830 1077 2892 ideo,
1115 2827 1348 2884 rationoe
1385 2840 1592 2886 eorum,
1613 2837 1737 2892 quae

408 2905 836 2971 constituuntur,
861 2906 1072 2978 inquiri
1099 2923 1209 2963 non
1233 2914 1475 2975 oportere
1490 2942 1505 2968 ,
1527 2918 1595 2957 ex
1619 2916 1739 2955 sen-

333 3030 340 3037 .
411 2985 578 3041 tentia
617 2985 880 3051 auctoris,
919 2996 974 3043 et
1010 2982 1430 3057 praecedentium
1452 2980 1530 3035 sie
1563 2977 1734 3049 aecipi

409 3062 595 3130 debet,
635 3072 698 3121 ut
735 3080 844 3121 non
882 3073 1124 3138 oporteat
1161 3062 1369 3134 inquiri
1407 3060 1478 3117 ad
1518 3058 1636 3125 hoc,
1674 3065 1737 3113 ut

407 3222 594 3269 mento
647 3234 826 3269 carere
869 3218 1124 3280 videtur,
1165 3222 1222 3269 et
1263 3216 1371 3266 imo
1393 3215 1727 3288 jus-confs-

409 3294 588 3335 mmm
635 3283 828 3350 ubique
861 3287 972 3335 fere
1007 3285 1064 3333 in
1101 3300 1190 3334 usu
1239 3281 1367 3349 juris
1401 3280 1600 3330 dicitur
1627 3277 1682 3326 id
1710 3317 1727 3338 ,

407 3347 549 3411 quod
573 3364 810 3413 expressa
837 3350 1008 3413 aliquo
1045 3350 1316 3398 sanctione
1342 3344 1729 3402 introductum,

407 3419 467 3459 ut
504 3412 559 3460 in
599 3412 700 3463 hoc
735 3412 850 3479 ipso
888 3414 1005 3463 Tit.
1039 3416 1109 3467 de
1165 3415 1346 3483 Legib-
1381 3414 1446 3463 L.
1487 3409 1539 3459 3.
1577 3411 1638 3460 L·
1674 3410 1727 3472 4.

407 3478 472 3527 L.
506 3476 556 3525 8.
617 3480 679 3529 L.
721 3492 801 3527 ιι.
851 3482 914 3529 1,.
957 3479 1033 3528 ι5.
1080 3486 1133 3528 et
1187 3493 1454 3549 receptum
1503 3474 1612 3525 scre
1649 3475 1731 3539 jus

403 3540 646 3617 dicitur,
677 3542 820 3607 quod
857 3558 944 3591 usu
983 3542 1040 3591 in
1076 3558 1250 3594 mores
1281 3540 1538 3607 pervasit.
1576 3542 1637 3589 1..
1680 3554 1727 3587 ι.

403 3623 474 3720 252
499 3603 1575 3741 ff5.·550p35:f“;1223·.ff2.⁶²d²⁹³
1601 3606 1720 3715 3:2¹5:

403 3737 603 3786 tentius
661 3754 760 3788 iesu
790 3738 1024 3803 forensi
1065 3750 1333 3807 receptas.
1381 3734 1500 3804 Quo
1544 3734 1719 3784 facere

401 3801 656 3851 videntur
701 3800 898 3851 tradita
942 3818 970 3850 ιι
1007 3798 1248 3851 Raevnrd.
1283 3801 1456 3861 (licet
1489 3798 1632 3849 aliud
1666 3814 1723 3846 a·

401 3870 592 3935 genle)
621 3868 691 3919 de
729 3874 954 3919 Auctor·
986 3865 1164 3918 Prud.
1199 3870 1262 3918 C.
1307 3865 1384 3915 15.

463 3932 538 4001 (9)
575 3930 656 3981 lta
690 3928 826 3981 Bau-0
845 3967 867 3992 ,
899 3936 954 3981 et
987 3928 1168 3981 Corus.
1203 3934 1264 3981 in
1283 3932 1348 3981 d.
1372 3934 1434 3981 L.
1455 3942 1524 3978 no
1545 3926 1721 3977 Coun.

405 4014 452 4048 ι.
487 4005 686 4049 ι.”οηιηι.
719 3997 772 4047 8.
808 4016 863 4047 η.
897 3996 946 4045 8.
987 3994 1154 4045 Duar.
1185 3994 1255 4046 cle
1290 3998 1396 4047 LL.
1431 4000 1493 4047 C.
1527 3996 1582 4042 6.
1605 3990 1721 4040 Me-

399 4064 559 4114 noch.
593 4077 644 4112 2.
678 4062 746 4113 de
782 4064 992 4115 Arbe'tr.
1025 4081 1139 4114 cas.
1173 4060 1258 4110 82.
1283 4079 1344 4111 η.
1369 4059 1447 4122 ι4.
1477 4058 1719 4109 Arumae.

397 4132 559 4201 Βίῳ.
597 4126 778 4180 Pand.
819 4142 862 4176 ι.
901 4128 1008 4180 Th.
1043 4142 1090 4195 7.
1125 4124 1262 4175 All».
1289 4122 1457 4174 Gent.
1490 4140 1540 4175 2.
1573 4128 1719 4176 Lect-

401 4208 451 4243 α.
485 4194 737 4259 pulchre:
774 4196 856 4245 De
903 4194 1088 4254 nobie,
1130 4211 1236 4243 non
1279 4190 1349 4241 de
1388 4192 1605 4268 legions
1637 4194 1719 4241 lo-

397 4257 937 4393 2523,2··.3Y‚⁰”,‚0‘12⁶;f
958 4269 1721 4392 ›Qz‘z‘²÷sa:.;·“.‘z⁰ss2qr.-

393 4395 519 4438 tuor
551 4386 1020 4454 interpretationes
1049 4386 1218 4439 refert
1239 4425 1256 4448 ‚
1289 4402 1348 4435 ac
1380 4386 1528 4435 inter
1561 4394 1719 4435 ciete-

400 4468 482 4501 rns
515 4458 570 4501 et
605 4469 715 4502 eam
736 4488 753 4512 ,
786 4452 927 4517 quod
959 4450 1260 4517 accipienda
1283 4451 1354 4500 sit
1379 4451 1444 4501 de
1472 4452 1584 4517 jure
1607 4451 1717 4499 sin·

380 4516 566 4583 ,gulari
599 4517 736 4578 (hoc
761 4515 904 4565 enim
929 4524 985 4565 et
1007 4521 1356 4568 constitutum
1368 4518 1470 4587 jus
1493 4514 1717 4576 «licitur,

400 4586 464 4632 J..
499 4596 581 4629 πο.
615 4580 664 4649 ς.
699 4582 750 4631 3.
781 4582 850 4632 de
884 4583 1131 4631 statulib.
1158 4586 1221 4633 L.
1243 4580 1328 4647 9'4.
1361 4582 1430 4633 de
1465 4582 1624 4634 cond.
1666 4594 1715 4633 et

398 4646 724 4711 demmutr.)
743 4682 762 4707 ,
795 4658 1120 4715 argumento
1155 4649 1218 4696 L.
1257 4648 1336 4711 14.
1371 4660 1424 4697 et
1468 4666 1612 4715 seqq.
1645 4648 1717 4697 de

401 4714 510 4762 LL.
545 4710 688 4776 cujus
721 4709 860 4760 ratio
891 4716 976 4761 est
1001 4708 1246 4777 quidem:
1281 4712 1373 4763 sed
1407 4728 1515 4763 non
1543 4718 1718 4779 potest

1269 119 1591 196 nunoms
1630 127 1946 196 nortem
1987 127 2359 196 domur.

3009 133 3095 202 los
3149 178 3156 185 -

1841 259 1951 300 non
2005 243 2158 316 prius
2210 243 2439 299 velimus
2489 241 2661 306 legem
2714 257 2932 305 servare,
2968 256 3098 313 quam·

1843 323 1979 378 ratio
2016 319 2130 392 ejus
2167 322 2323 378 nobis
2358 320 2569 391 cognita
2599 319 2773 382 suerit.
2797 321 2984 392 Alioqui
3006 340 3097 378 evc-

1846 399 1987 462 niet.
2025 401 2169 470 quod
2210 400 2483 470 sequitur,
2526 409 2585 455 ut
2623 400 2795 455 multa
2818 415 2880 454 ex
2901 399 2985 462 his,
3004 416 3101 470 qum

1840 490 1981 536 certa
2007 489 2151 544 sunt,
2174 479 2569 534 subvertantur.
2595 477 2777 540 Adde,
2803 493 2905 533 non
2928 477 3097 534 tantum
3261 491 3264 531 4

1840 574 1906 612 ex
1947 557 2063 620 his,
2100 572 2221 627 quae
2256 567 2431 620 eerta.
2468 557 2559 612 sed
2598 554 2763 612 etiam
2802 573 2866 611 ex
2888 555 3105 628 his‚quae
3293 549 3299 583 ³

1838 633 2063 706 optime.
2111 644 2163 690 et
2216 633 2629 706 prudentissime
2676 635 2943 690 constituta
2988 641 3103 689 sunl.

1842 713 2019 771 Recte.
2044 713 2443 770 Subvertuntur
2456 713 2622 777 enim,
2649 728 2757 768 non
2783 712 2905 785 quia
2936 711 3103 768 ratione

1842 801 2087 856 careant,
2122 791 2214 846 sed
2254 793 2383 863 quia
2412 787 2547 848 ratio
2572 783 2733 847 nobis
2753 790 2823 866 sit
2854 789 3111 861 ineognim

1844 887 1941 928 nos
1977 879 2157 926 autem
2186 869 2259 926 ita
2287 869 2669 925 induxerimus
2690 868 2942 932 animum,-
2963 870 3103 938 legem

1835 965 1933 1020 pro
1969 948 2085 1019 lege
2136 965 2247 1004 non
2297 945 2496 1012 habere
2532 939 2712 1020 prius,
2746 961 2907 1018 quam
2951 944 3011 1002 de
3040 961 3113 1006 rae

1833 1027 1978 1083 tione
2015 1022 2131 1097 ejus
2168 1022 2326 1084 uobis
2360 1024 2675 1083 constiterit.

1912 1103 2035 1162 XV.
2061 1107 2335 1162 Postremo
2348 1105 2482 1160 inest
2494 1106 2596 1160 hoc
2612 1097 2669 1160 in
2684 1097 2906 1174 legibus,
2926 1109 2993 1166 ut,
3002 1120 3109 1159 cum

1834 1185 1903 1240 de
1926 1199 2114 1240 earum
2142 1182 2577 1256 interpretatione
2606 1181 2817 1254 agitur,
2838 1199 2941 1237 non
2964 1182 3115 1237 solum

1833 1263 2035 1334 priores
2058 1280 2125 1318 ex
2150 1260 2563 1333 posterioribus,
2584 1262 2675 1318 sed
2701 1261 2862 1318 etiam
2898 1261 3119 1331 posterio-

1828 1358 1913 1398 res
1936 1358 2003 1396 ex
2030 1335 2300 1412 prioribus
2324 1349 2377 1395 et
2402 1339 2981 1412 interpretationem&
3003 1346 3118 1394 tem-

1824 1429 2199 1491 peramentum
2226 1419 2505 1488 accipiant.
2534 1419 2611 1474 De
2648 1411 2915 1489 prioribus
2937 1417 3121 1486 legibus

1824 1515 1937 1554 non
1966 1493 2265 1554 dubitatur.
2302 1497 2401 1552 11ae
2452 1493 2599 1553 enim
2634 1487 2881 1552 obnoxiae
2902 1505 3019 1550 sunt
3041 1510 3119 1564 po-

1824 1575 2110 1634 steriorum
2136 1575 2504 1645 legislatorum
2546 1569 2772 1631 decretis
2806 1582 2859 1629 et
2893 1573 3126 1629 constitu-

1826 1655 2091 1719 tionibus,
2113 1654 2211 1726 qui
2230 1693 2243 1717 ‚
2269 1669 2394 1709 cum
2422 1662 2674 1724 potestate
2699 1651 2901 1723 possint
2938 1651 3127 1723 priores

1822 1733 1905 1789 vel
1935 1741 2073 1788 totzs
2094 1733 2355 1803 abrogare
2371 1772 2388 1795 ‚
2415 1733 2585 1789 multo
2603 1723 2776 1800 magis
2798 1736 3015 1804 possunt
3026 1745 3130 1784 cor·
3292 1732 3299 1767 1

1824 1811 1995 1880 rigere
2022 1827 2089 1866 ex
2116 1819 2291 1882 parte,
2316 1828 2383 1865 ex
2421 1805 2510 1866 his
2545 1810 2820 1880 excipere,
2858 1813 3015 1886 atque
3050 1807 3131 1864 his
3292 1811 3298 1845 ⁵

1821 1889 2101 1946 detrahere
2124 1889 2353 1960 aliquid.
2389 1884 2547 1956 Quod
2588 1905 2715 1943 cum
2750 1888 2847 1966 iit,
2886 1887 3129 1944 minuens
3293 1895 3298 1925 ¹

1822 1976 1943 2031 tur,
1970 1978 2445 2038 temperanturque
2471 1967 2619 2040 haud
2647 1964 2817 2021 dubie
2844 1967 3043 2038 prioroe
3068 1967 3135 2020 le-
3292 1969 3299 2004 ἔ

1818 2061 1937 2116 goe:
1961 2046 2052 2101 sed
2089 2045 2190 2101 hoc
2230 2045 2340 2120 (10)
2383 2045 2734 2118 posteriorum
2778 2045 2962 2116 legum
3001 2050 3139 2114 pote-1

1820 2129 1953 2180 state
1976 2124 2200 2188 accidit,
2224 2124 2452 2180 minime
2476 2133 2657 2179 autem
2695 2120 2949 2194 priorum
2974 2121 3141 2178 verbis

1821 2211 1916 2258 aut
1952 2203 2243 2268 sententia,
2282 2203 2483 2273 quippe
2522 2213 2679 2274 quae.
2717 2210 2783 2257 ut
2822 2201 3139 2272 generaliter

1820 2280 2027 2352 scriptae
2064 2288 2220 2345 sunt.
2254 2275 2328 2337 ita
2370 2287 2423 2337 et
2460 2275 2793 2352 generaliter
2834 2287 3147 2342 senserunt.
3293 2293 3299 2322 ¹

1818 2375 1918 2414 nec
1944 2366 2113 2429 potoet
2138 2359 2255 2415 lieri
2272 2399 2289 2429 ‚
2314 2368 2374 2415 ut
2396 2360 2545 2430 quod
2572 2355 2781 2415 sactum
2807 2369 2891 2416 est
2906 2397 2929 2422 ,
2948 2357 3147 2414 factum
3293 2367 3298 2403 ῑ

1818 2453 1929 2492 non
1957 2435 2133 2494 ruerit.
2159 2436 2348 2509 Itaque
2371 2436 2515 2493 nihil
2542 2437 2656 2494 haec
2682 2435 2972 2503 eorrectio,
2986 2445 3148 2507 atque

1819 2515 1919 2570 hoe
1945 2524 2429 2586 temperamentum
2455 2515 2525 2571 ad
2551 2516 2887 2573 sententiam
2916 2511 3066 2586 legis,
3090 2514 3155 2570 de

1817 2610 1926 2665 qua
1956 2609 2105 2651 nune
2128 2594 2448 2666 quaerimus:
2474 2595 2563 2651 sed
2594 2594 2774 2666 potius
2798 2595 2876 2651 ad
2905 2593 3155 2651 mutatio-

1816 2688 1968 2736 nem,
2000 2682 2053 2729 et
2076 2674 2481 2743 abrogationem
2498 2674 2595 2737 ‚de
2618 2690 2730 2744 qua
2760 2672 3052 2745 superiore
3062 2671 3162 2728 Q·

1816 2750 1926 2823 pite
1951 2750 2159 2807 dictum
2184 2759 2276 2808 est.
2304 2752 2382 2809 De
2418 2752 2807 2824 posterioribus
2852 2752 2992 2825 ipsis
3030 2762 3165 2807 tem-

1814 2829 2069 2899 perandis
2102 2830 2400 2886 dubitatur.
2441 2831 2579 2886 Cum
2618 2830 2773 2887 enim
2820 2847 2939 2886 non
2984 2830 3163 2887 solum

1814 2906 1899 2963 hae
1926 2913 2162 2979 tempore
2186 2910 2499 2979 posteriores
2534 2912 2674 2972 sint,
2706 2910 2811 2965 sed
2858 2910 3037 2967 etiam
3079 2924 3171 2979 po—

1812 2984 1976 3041 tuerit
2000 2987 2257 3057 posterior
2280 2987 2551 3058 legislator
2588 2986 2805 3059 priores
2822 3030 2839 3053 ‚
2884 2988 2931 3043 si
2977 2987 3165 3046 vellet.

1811 3073 2046 3121 mutare:
2071 3080 2275 3122 novum
2302 3065 2473 3123 videri
2498 3073 2699 3137 potest,
2724 3066 2775 3123 si
2819 3064 3175 3129 dixerimus,

1808 3216 1959 3267 reddi
2012 3236 2073 3268 ex
2128 3224 2308 3271 tenore
2340 3218 2608 3280 universi,
2640 3225 2753 3268 etc.
2802 3235 2978 3287 quern
3028 3215 3173 3268 vide..

1811 3282 1953 3332 Diss.
1989 3282 2169 3350 Cujac.
2202 3284 2254 3334 8.
2288 3288 2411 3339 Obs-
2452 3300 2525 3334 η.
2574 3290 2817 3349 putans,
2858 3283 3177 3349 exemplum

1805 3348 1867 3397 d.
1896 3352 1955 3399 L.
1980 3364 2062 3398 20.
2092 3349 2270 3398 haberi
2304 3352 2361 3401 in
2400 3354 2461 3402 L.
2496 3364 2548 3415 9.
2584 3348 2653 3400 de
2688 3351 2885 3419 relig.
2927 3350 3183 3399 laudatus

1806 3429 1831 3460 a
1868 3410 2070 3463 Mul-et.
2108 3415 2184 3465 ad
2206 3415 2263 3465 d.
2302 3418 2365 3467 L.
2390 3428 2470 3463 20.
2496 3414 2586 3463 sed
2611 3414 2824 3463 rectius
2862 3416 3177 3479 reprelien-

1806 3494 1891 3527 sus
1924 3477 1989 3526 nb
2024 3478 2153 3528 Alb.
2178 3476 2345 3529 Gent.
2382 3494 2433 3529 2.
2466 3482 2614 3530 Lect.
2648 3479 2699 3529 3.
2726 3487 2795 3529 et
2824 3477 2911 3529 A.
2948 3480 3083 3531 Fau.
3110 3478 3189 3531 ml

1805 3545 1867 3594 d.
1906 3546 1967 3593 1..
2010 3558 2083 3593 ιο.
2119 3544 2303 3595 Alitei-
2341 3544 2509 3609 Fopp.
2544 3544 2607 3593 nb
2638 3542 2903 3593 Aezema
2944 3564 3000 3595 2.
3030 3548 3188 3599 Diss-

1800 3622 1882 3657 αι.
1918 3607 2055 3657 hunc
2089 3624 2299 3657 corisum
2335 3610 2395 3660 d.
2422 3613 2489 3661 L.
2508 3624 2591 3659 20.
2628 3622 2677 3661 et
2714 3629 2852 3679 seq.
2892 3612 3191 3675 affingousz.

1798 3672 2005 3722 ratione
2042 3676 2170 3737 legis
2206 3674 2506 3725 inductrice
2540 3682 2793 3725 cessante
2820 3712 2839 3736 ,
2876 3694 3006 3729 non
3036 3673 3195 3725 credi

1800 3738 1994 3788 dehere
2016 3775 2035 3799 ,
2060 3738 2187 3804 legis
2208 3738 2609 3804 dispositionem
2632 3738 2953 3790 abolitam.
2983 3740 3196 3791 Exem-

1800 3804 1947 3867 plum
1974 3811 2374 3868 proetercaetera
2398 3804 2495 3855 hoe
2528 3805 2723 3855 adfert.
2754 3801 2943 3855 Olim
2980 3804 3199 3856 transi-

1800 3882 1919 3983 {223³
1943 3885 2072 3983 0¹32?
2114 3868 2271 3985 ἓξὲξ-’ἐξ
2297 3868 2703 4000 Ϊὲιὲἶᾛέἔῖἓέ
2734 3870 2895 4000 3:²13?
2886 3888 3016 3985 ..ΐὲ
3023 3889 3059 3937 ¹³
3061 3870 3209 3985 2²32?

1800 4005 1941 4047 ctum
1978 3999 2072 4061 sit,
2106 4010 2161 4049 et
2196 4002 2266 4049 ita
2304 3998 2442 4049 ratio
2477 4008 2651 4049 muta:
2682 4005 2905 4050 tam-en
2948 4016 3063 4052 nec
3098 4002 3211 4051 ho-

1800 4063 1888 4113 die
1926 4063 2071 4113 licet.
2108 4063 2280 4135 Quam
2314 4066 2427 4114 hoec
2460 4082 2486 4113 ιι
2521 4063 2697 4114 verbis
2734 4065 2859 4115 dd.
2902 4064 3050 4115 LL..
3090 4068 3212 4117 dis-

1800 4128 1963 4177 sona?
1999 4146 2153 4193 quern
2186 4147 2214 4178 a
2248 4136 2423 4179 mente
2458 4127 2663 4179 aliena?
2702 4128 3007 4196 Denique
3050 4140 3217 4182 recte

1798 4190 2029 4242 Mei-cer.
2078 4210 2119 4244 ι.
2156 4198 2317 4268 Opin-
2354 4208 2403 4243 ι.
2440 4194 2574 4244 hane
2611 4198 2759 4259 Leg-
2800 4211 2915 4245 20·
2950 4212 3083 4249 non
3110 4197 3222 4249 ob-

1799 4264 1943 4307 stare
1974 4258 2077 4306 arti
2120 4262 2269 4324 juris.
2297 4256 2442 4328 Quot.
2477 4262 2620 4311 enim
2672 4258 2743 4309 in
2808 4261 3011 4311 rebus-
3044 4274 3224 4313 natu·

1797 4323 1998 4373 ralibus
2041 4324 2223 4438 e3fl'ectn
2246 4360 2269 4386 ,
2317 4338 2542 4391 quorum*
2588 4340 2782 4375 causas
2845 4325 3224 4395 Philosophi

1797 4389 2037 4437 nesciunt

1856 4452 1965 4519 (ιο)
2000 4448 2109 4502 Ubi
2144 4449 2426 4520 derogatur
2459 4453 2630 4521 priori
2654 4454 2783 4520 legi
2814 4497 2831 4509 .
2860 4476 2971 4509 seu
3002 4477 3149 4526 pars
3174 4463 3234 4511 ei

1796 4514 2119 4589 detrahitur.
2172 4524 2237 4571 L.
2287 4535 2394 4571 102.
2446 4523 2515 4573 de
2556 4526 2625 4573 V.
2660 4526 2729 4573 S.
2774 4521 2961 4593 Quid
3026 4535 3241 4578 autent

1798 4585 2017 4632 intersit
2040 4582 2187 4633 inter
2214 4586 2649 4652 abrogationem,
2678 4586 3255 4654 derogationem,

1798 4650 2227 4715 abrogationem,
2240 4652 2679 4720 subrogationem
2700 4651 2903 4717 legin,
2920 4672 2959 4705 v
2970 4658 3073 4707 id.
3086 4654 3253 4723 Uip.

1804 4718 1921 4767 Tre.
1962 4728 2007 4761 ι.
2044 4708 2087 4781 ς.
2127 4714 2179 4763 3.
2210 4712 2381 4766 Goth.
2414 4716 2490 4768 ud
2526 4715 2586 4767 d.
2623 4719 2689 4768 L·
2750 4732 2903 4769 102.
