3327 5214
181 164 266 223 22¹
876 156 972 217 DE
1008 156 1192 218 mma
1247 154 1471 215 clvtu
1509 154 1646 215 Lm.
1684 156 1756 214 11.
1794 154 1949 213 CAP.
1986 154 2056 213 V.
2712 156 2827 217 292

182 278 390 329 stamcnto
425 268 600 324 delata
635 272 815 331 erant,
837 265 1108 337 qualeque
1147 264 1252 321 suit
1293 268 1420 321 ante

180 350 287 418 lem
315 348 482 405 Julias.
515 346 576 403 L.
623 350 664 403 t.
691 356 738 403 et
761 346 814 401 2.
857 345 914 403 ('.
951 346 1015 401 de
1053 344 1251 414 infirm.
1278 358 1420 413 pm».

175 429 347 483 eoea'ae'bat.
369 426 462 482 Sed
485 432 534 480 et
557 424 626 503 (5)
648 425 736 495 jus
773 422 1075 479 liberorum
1111 437 1420 477 concessum

176 505 380 561 omnibus
412 502 774 561 constitutione
814 500 1066 559 Honorii.
1092 500 1154 557 L.
1184 502 1233 557 1.
1275 502 1334 556 C.
1359 500 1423 557 de

167 588 258 655 jer.
291 584 559 639 liberorum.
584 582 716 638 Cum
757 591 936 636 autem
973 580 1064 653 jus
1087 579 1255 635 trium
1286 577 1426 635 libe-

175 678 317 717 rorum
349 660 413 717 sit
449 665 535 714 aut
559 662 614 716 id
635 660 748 732 jus,
785 656 934 731 quod
973 656 1288 714 constituito
1325 674 1420 728 ap-

170 740 297 811 pellat
310 740 396 809 jae
414 736 716 803 liberorum,
743 744 838 794 aut
876 734 991 807 cius
1012 736 1152 809 juris
1189 735 1420 809 species:

169 820 292 873 etiam
332 820 410 890 jus
451 818 612 873 trium
663 817 960 873 liberorum
1013 814 1204 872 iisdem
1241 814 1422 871 verbis

167 897 338 953 oencedi
387 894 790 964 intelligendum
843 900 936 951 est.
960 894 1201 951 Tantum
1244 895 1312 949 de
1337 909 1423 949 su·-

167 975 329 1047 pen'ore
363 974 456 1031 illo
487 976 603 1047 jure
643 975 734 1031 hic
774 972 1056 1030 admoueri
1099 988 1161 1028 eo
1193 976 1424 1045 spectat,

167 1052 356 1125 primum
380 1059 434 1109 ut
471 1052 837 1125 intelligatur,
861 1062 1192 1123 quantopere
1227 1058 1426 1107 statue-

165 1131 248 1187 rint
269 1138 442 1187 veteres
479 1132 822 1189 matrimonia
861 1130 1089 1186 invitari
1133 1131 1200 1185 ad
1243 1128 1426 1201 reipu-

165 1208 282 1264 blice
305 1210 569 1267 utilitatem
588 1251 603 1273 ‚
631 1226 692 1265 ac
717 1217 916 1267 statum
941 1208 1244 1281 pertinere:
1269 1206 1421 1263 dein·

163 1286 292 1351 lit-‚si
334 1300 621 1360 qua-ratur,
673 1287 971 1364 superiores
1019 1288 1193 1357 lega,
1246 1290 1343 1341 aut
1376 1282 1420 1341 si

161 1382 250 1437 que
271 1382 398 1422 nune
423 1368 540 1424 aliae
565 1368 882 1424 exoriantur
904 1364 1139 1427 similes.
1157 1365 1424 1436 itemquae

162 1444 210 1498 ad
231 1460 387 1499 earum
414 1446 810 1517 abrogationem
829 1460 924 1515 per
948 1444 1279 1500 occasionem
1310 1458 1424 1498 ma-

157 1522 480 1580 trimoniorum
521 1531 700 1597 postea
738 1530 928 1581 secuta!
964 1530 1126 1588 sunt,
1156 1538 1324 1595 quam
1353 1519 1424 1576 ad

158 1607 314 1673 partem
348 1603 480 1675 juris
515 1602 702 1661 referri
744 1602 1006 1668 debeant:
1042 1600 1302 1665 sciamus,
1329 1608 1425 1655 aut

159 1678 222 1735 hic
241 1681 431 1737 nullum
458 1698 565 1739 esse
593 1683 811 1738 idonem
841 1682 1050 1743 locum,
1069 1685 1161 1735 aut
1187 1680 1257 1735 ad
1285 1678 1426 1735 hanc

156 1766 318 1829 partem
360 1759 492 1831 juris
543 1758 784 1833 publici,
809 1760 956 1831 quod
996 1758 1080 1813 ad‘
1104 1772 1426 1815 conservan-

158 1838 250 1891 dam
273 1836 522 1894 civitatem
561 1838 831 1913 pertinet.
853 1836 1080 1895 omnino
1121 1837 1316 1893 debere
1341 1852 1426 1890 re-

155 1916 270 1972 ferri.

209 1992 288 2050 xl.
313 1992 484 2051 Altera
513 2011 642 2067 pars
677 1994 814 2069 juris
839 1996 906 2051 de
943 1992 1424 2065 conjunctionibus

154 2070 311 2129 civium
335 2073 604 2131 constituti
629 2074 802 2145 ,quod
828 2080 1000 2129 totum
1027 2072 1094 2127 ad
1123 2070 1424 2143 rempubli-

151 2166 239 2205 cam
259 2151 428 2208 referri
454 2153 652 2208 debeat
668 2194 683 2212 .
705 2159 783 2208 est
809 2168 868 2207 ea
888 2195 903 2214 ,
927 2166 1037 2225 qua
1064 2150 1305 2208 sancitur
1331 2150 1426 2206 ho-

151 2234 286 2286 nesus
305 2228 698 2303 conjunctionis
736 2232 901 2287 maris
919 2270 933 2295 ,
957 2236 1010 2286 et
1035 2230 1288 2287 foeminae.
1313 2228 1424 2283 Nec

151 2308 231 2363 alia
251 2308 330 2363 hic
365 2308 680 2381 conjunctio
696 2348 711 2373 ‚
735 2325 902 2381 quam
928 2324 992 2363 ea
1031 2307 1144 2381 ipsa
1163 2350 1178 2370 ‚
1201 2324 1322 2379 quae
1347 2312 1424 2363 est

151 2384 194 2440 iu
213 2386 420 2458 nuptiis,
445 2388 624 2459 iisque
652 2388 872 2443 honeste
889 2428 903 2451 ‚
927 2392 977 2443 et
1019 2385 1264 2458 legitime
1297 2402 1426 2442 con-

149 2464 320 2531 tractis,
357 2466 413 2522 in
451 2466 734 2523 civitatem
775 2464 1048 2538 recipitur.
1087 2466 1154 2521 ln
1195 2482 1254 2520 ea
1295 2470 1424 2521 sunt

148 2542 254 2614 leges
293 2545 622 2602 continentes
674 2550 930 2618 praecepta
973 2544 1040 2599 de
1089 2542 1328 2617 nuptiis.
1356 2559 1424 2600 ne

149 2627 305 2680 temere
325 2633 376 2681 et
399 2624 710 2697 promiscue
745 2624 926 2695 quivis
967 2623 1110 2679 inter
1147 2641 1202 2680 se
1237 2622 1426 2678 matri-

147 2703 292 2759 monio
311 2703 634 2776 jungantur.
659 2701 738 2760 De
760 2702 964 2775 quibus
989 2702 1189 2774 partim
1231 2701 1290 2757 in
1331 2701 1424 2764 tn„-

145 2779 360 2838 stitution.
389 2785 492 2840 Tit.
529 2783 596 2839 de
635 2789 786 2850 nupt.
824 2781 1024 2853 partim
1065 2780 1190 2837 aliis
1224 2780 1425 2836 Titulis

145 2857 462 2930 bigatorum,
485 2866 542 2917 et
583 2857 814 2916 Codicis.
851 2860 962 2916 Cur
997 2877 1122 2931 ergo
1162 2875 1250 2916 eas
1287 2861 1426 2928 leges

143 2939 194 2992 ad
235 2937 357 2996 hane
405 2947 623 3012 partem
670 2937 808 3008 juris
855 2939 1062 3010 publici
1101 2937 1426 2994 referimus?

143 3013 250 3082 Quia
271 3019 610 3092 perspicuum
638 3027 744 3080 est,
775 3017 912 3072 hanc
935 3034 1154 3073 omnem
1183 3017 1430 3072 honesta-

141 3099 250 3159 tem.
269 3097 494 3167 publicus
523 3094 784 3153 utilitatis
801 3137 815 3160 ‚
841 3101 1006 3167 atque
1045 3094 1268 3152 honoris
1291 3094 1425 3150 civi-

52 3209 54 3254 {
145 3174 264 3240 tatis,
287 3191 390 3231 non
418 3176 762 3248 privatorum
787 3190 968 3230 caussa
995 3174 1161 3246 exigi.
1183 3174 1426 3230 Pertinet

52 3269 55 3310 ε
141 3251 254 3309 enim
278 3255 342 3310 ad
379 3252 878 3318 existimationem,
903 3259 958 3309 et
996 3253 1254 3310 bonorem
1291 3251 1429 3307 civi-

52 3349 54 3364 *
143 3331 240 3387 tatis
260 3340 431 3406 turpes
455 3334 666 3390 soboles
681 3347 792 3386 non
821 3331 1028 3388 innasci
1057 3330 1280 3393 civitati.
1304 3345 1426 3401 quae

143 3411 366 3480 quamdiu
391 3413 689 3469 exstabunt
705 3451 720 3476 ‚
746 3411 956 3467 tamdiu
982 3426 1138 3466 suam
1161 3410 1430 3482 quodam-

52 3511 54 3536 ε
143 3491 268 3545 nodo
287 3491 683 3563 turpitudinem
693 3487 914 3546 ‘civitati
929 3491 1273 3562 exprobrent.
1288 3487 1430 3543 Prte-

52 3569 55 3632 ξ
143 3573 316 3638 statque
335 3570 570 3626 omnino
595 3567 802 3626 civitati
827 3569 1042 3624 nullam
1068 3568 1306 3624 sobolem
1335 3567 1430 3622 ha-

145 3643 266 3710 ltere,
287 3665 456 3720 quam
501 3649 687 3704 talem.
735 3645 894 3713 Quod
919 3647 964 3703 si
993 3644 1084 3703 hic
1121 3647 1430 3718 quidquam

52 3735 55 3792 ξ
142 3725 432 3792 privatorum
473 3727 772 3798 conjugum
812 3741 994 3781 caussa
1036 3729 1342 3787 caveretur,
1369 3741 1430 3781 ac

52 3823 54 3828 ·
143 3815 224 3857 non
247 3805 586 3877 reipublicae:
613 3801 758 3861 nihil
785 3817 980 3860 caussae
1005 3811 1136 3860 esset
1152 3843 1168 3868 ,
1191 3819 1292 3859 cur
1317 3819 1428 3860 non

52 3919 55 3968 ss
143 3877 206 3937 his
221 3884 374 3941 licere
413 3885 636 3942 deberet
669 3899 733 3938 ea
757 3887 1016 3954 praecepta
1054 3891 1398 3940 contemnere
1413 3921 1430 3948 ‚

185 4081 244 4144 (5)
275 4081 550 4136 maternus
579 4087 752 4134 tamen
777 4081 838 4134 d.
871 4087 936 4136 C.
967 4079 1052 4146 4ο.
1086 4098 1178 4148 per
1203 4097 1318 4134 eam
1353 4079 1423 4132 L.

149 4156 180 4192 t.
205 4163 294 4196 nou
341 4148 522 4199 omnia
559 4146 834 4215 privilegia
872 4148 1070 4198 liberos
1117 4145 1426 4198 habentium

143 4210 254 4286 orbis
281 4229 558 4274 concessa,
593 4229 758 4279 nequo
805 4211 862 4262 in
912 4213 1158 4292 omnibus
1204 4212 1425 4292 omnino

147 4287 610 4398 Ξῖῗῖἶῗῗέοέἒίἷί
630 4297 730 4412 ¹:51
757 4281 1428 4396 32:202322235251'ussz

141 4413 280 4458 antem
315 4409 376 4460 d.
413 4413 480 4462 L.
515 4427 564 4460 ι.
589 4407 786 4475 accipit
805 4407 874 4458 de
909 4408 1015 4470 his,
1046 4407 1160 4476 qui,
1191 4424 1308 4460 cum
1333 4426 1431 4460 nu-

145 4482 258 4522 mero
285 4474 573 4525 liberorum
619 4491 674 4523 se
707 4489 944 4523 excusare
977 4481 1222 4540 possunt,
1255 4481 1310 4524 et
1343 4473 1430 4523 in-

145 4531 192 4580 de
217 4538 530 4590 vac-tionem
565 4555 836 4614 munerum
869 4539 1092 4592 babent:
1116 4557 1230 4590 eam
1253 4547 1432 4593 tamen

142 4607 237 4649 ante
262 4603 406 4676 illam
435 4605 595 4669 legem
617 4605 766 4656 soittt
783 4605 998 4656 fuerunt
1021 4613 1201 4680 petere
1224 4622 1254 4654 ι
1278 4605 1432 4672 prin-

144 4677 814 4787 55:2553120352‘24222
837 4677 1158 4791 ΞῙἛΕὛ
1201 4671 1433 4790 {25¹3ss

1499 271 1560 321 ut
1585 262 1901 319 observatur
1926 262 1987 319 in
2012 254 2271 317 omnibus
2286 260 2351 317 iis
2368 304 2391 327 ,,
2406 277 2531 334 quae
2544 274 2644 337 pro
2668 260 2829 320 nobis

1499 342 1809 399 introducta
1848 346 1995 397 sunt.
2018 342 2079 397 L.
2096 356 2220 410 pen.
2246 342 2306 399 C.
2330 342 2394 397 de
2410 349 2554 410 pact.
2576 342 2735 408 Quod
2766 342 2825 398 in

1498 420 1600 478 hac
1638 419 1813 492 specie
1854 422 2015 489 longe
2052 432 2201 474 secus
2238 424 2330 475 est.
2354 420 2415 489 S.
2453 422 2503 475 st·
2538 424 2828 485 adversus,

1500 500 1630 557 last.
1663 502 1729 555 de
1754 506 1904 569 nupt.
1936 496 2005 553 Et
2031 512 2157 553 vero
2181 498 2225 554 si
2254 498 2395 554 illud
2435 498 2503 554 ad
2545 498 2827 571 publicam

1504 579 1797 635 utilitatem
1848 576 2082 649 pertinet
2132 578 2403 647 procreari
2452 578 2723 641 sobolem,
2772 582 2829 633 et

1494 657 1693 730 repleri
1733 654 1925 713 liberis
1948 654 2251 717 civitatem:
2276 654 2439 711 etiam
2486 655 2625 712 illud
2668 656 2831 727 pcrti-

1495 744 1588 792 net.
1615 754 1725 793 non
1778 741 1991 805 turpem
2042 734 2343 805 procreari:
2381 750 2536 800 cum,
2582 744 2641 791 ut
2679 732 2829 801 dixi,

1498 832 1634 887 pene
1657 813 1825 871 satius
1849 812 1949 878 sit,
1976 813 2190 868 nullam
2232 812 2463 877 habere,
2500 830 2669 885 quiam
2710 830 2832 885 pro-

1502 894 1748 959 brosam,
1773 900 1826 949 et
1868 890 2286 963 ignominiosam
2326 892 2655 963 reipublioee.
2680 892 2823 959 Quia
2880 901 2887 909 ·

1501 982 1685 1029 tamen
1714 973 1773 1028 in
1812 970 2017 1043 nuptiis
2069 970 2233 1025 etiam
2283 970 2579 1043 conjugum
2620 972 2828 1045 privata

1501 1045 2012 1115 utilitas‘versatur,
2038 1054 2201 1120 atque
2242 1048 2331 1105 hic
2370 1048 2641 1121 privatus,
2665 1056 2719 1106 et
2759 1052 2825 1108 li-

1503 1130 1600 1185 ber
1623 1134 1933 1187 contractus
1956 1138 2050 1192 cst,
2076 1126 2283 1199 privata
2310 1132 2361 1183 et
2388 1129 2563 1185 libera
2589 1130 2829 1197 societas,

1497 1208 1556 1265 in
1583 1224 1695 1279 quo
1720 1213 1771 1262 et
1796 1208 1864 1263 de
1889 1208 2029 1271 dote,
2054 1213 2107 1262 et
2132 1208 2199 1262 de
2220 1206 2347 1276 jure
2374 1206 2429 1262 in
2460 1208 2659 1264 liberos
2680 1224 2832 1281 qua>-
2880 1204 2885 1209 ’

1497 1285 1638 1343 ritur
1656 1327 1671 1350 ,
1697 1301 1819 1358 quae
1845 1285 2029 1342 omnia
2057 1285 2127 1340 ad
2166 1284 2399 1356 privatos
2438 1288 2739 1359 pertinent:
2764 1304 2828 1344 eo

1499 1368 1592 1430 lit,
1619 1371 1681 1421 ut
1720 1362 1862 1421 inter
1898 1370 2204 1421 contractus
2243 1364 2575 1433 privatorum
2614 1366 2828 1438 dejure

1499 1442 1841 1517 superiorum
1882 1460 2098 1506 rerum,
2135 1459 2195 1497 ac
2234 1440 2397 1497 simul
2443 1445 2511 1500 de
2550 1444 2829 1500 honestate

1501 1529 1556 1579 et
1581 1522 1695 1577 ritu
1721 1520 2053 1594 -uuptiarum
2096 1524 2287 1592 agatur
2314 1520 2371 1577 in
2414 1527 2733 1593 argumento
2762 1526 2829 1579 de

1497 1601 1622 1675 jure
1647 1600 1873 1671 privato,
1890 1616 1999 1656 non
2026 1598 2157 1671 quia
2185 1599 2432 1656 honestas
2458 1600 2555 1657 ista
2586 1618 2696 1657 non
2724 1602 2830 1659 rei-

1502 1680 1735 1751 publicae
1772 1694 1957 1735 caussa
1998 1678 2236 1735 maxime
2274 1679 2478 1734 sancita
2514 1679 2613 1743 sit,
2638 1682 2727 1739 sed
2758 1697 2828 1735 ne

1499 1774 1584 1815 res
1609 1758 1754 1813 inter
1778 1772 1833 1811 se
1858 1757 2161 1830 conjunctae
2202 1758 2552 1815 divelluntur.
2588 1760 2749 1827 Quod
2774 1764 2829 1815 ct

1501 1834 1735 1895 docendi
1764 1850 1947 1892 caussa
1972 1850 2276 1906 sequemur.

1577 1913 1707 1971 ΧΠ.
1732 1916 1873 1971 Loca
1899 1913 2135 1970 civitatis
2174 1915 2409 1987 publicis
2432 1916 2619 1973 usibus
2656 1916 2831 1971 deser-

1500 1992 1705 2051 vientia
1730 2000 1933 2049 suntet
1960 1992 2073 2065 ipsa
2112 1994 2187 2049 ita
2226 1994 2492 2058 civitatis,
2528 2000 2589 2051 ut
2628 2000 2827 2051 natura

1497 2088 1595 2130 sua
1619 2072 1739 2128 sine
1790 2070 1875 2129 his
1926 2070 2115 2130 civitas
2154 2090 2263 2129 esse
2301 2090 2412 2129 non
2452 2074 2635 2144 possit.
2670 2072 2828 2129 Unde

1501 2150 1723 2223 publica
1764 2158 1825 2207 ut
1864 2156 2019 2215 sunt,
2073 2152 2149 2208 ita
2191 2159 2244 2209 et
2295 2152 2584 2213 dicuntur:
2636 2154 2825 2223 quales

1500 2234 1628 2286 sunt
1668 2244 1838 2293 areat,
1882 2230 2101 2295 insulae,
2144 2225 2309 2303 agri,
2350 2230 2479 2295 πίω,
2524 2231 2829 2301 itineraque

1501 2306 1739 2379 publica.
1770 2310 1825 2364 L.
1850 2309 1905 2364 2.
1934 2309 1991 2375 S.
2020 2308 2070 2365 1.
2108 2310 2173 2365 Β.
2210 2326 2273 2365 ne
2310 2311 2446 2381 quid
2470 2312 2531 2365 in
2556 2312 2650 2367 loc.
2676 2310 2829 2379 pube.

1499 2386 1595 2443 &t
1645 2404 1775 2443 usus
1822 2384 2047 2458 quidem
2091 2388 2333 2445 locorum
2372 2389 2719 2460 publicorum
2750 2388 2827 2443 ita

1501 2464 1789 2535 publicus,
1813 2474 1875 2520 ut
1900 2467 1967 2523 sit
1982 2466 2355 2539 singulorum,
2385 2467 2441 2525 id
2486 2474 2561 2523 est
2606 2468 2682 2527 is.
2718 2483 2832 2539 quo

1500 2542 1738 2616 quilibet
1762 2562 1827 2600 ex
1852 2546 2051 2617 populo
2088 2546 2195 2603 sibi
2214 2587 2230 2609 ‚
2254 2564 2458 2620 suoque
2486 2548 2611 2622 jure
2650 2547 2829 2618 priva-

1501 2623 1602 2678 tim
1631 2623 1765 2680 locis
1790 2623 2026 2695 publicis
2065 2625 2143 2682 uti
2173 2625 2366 2696 possit,
2402 2629 2535 2683 dum
2578 2627 2830 2698 publicus

1501 2716 1630 2758 usus
1653 2719 1719 2756 eo
1746 2701 1887 2760 l'aeto
1912 2719 2025 2760 non
2056 2703 2402 2776 impediatur.
2422 2709 2480 2761 tl.
2504 2709 2557 2761 f..
2584 2708 2637 2762 2.
2664 2709 2721 2760 t'n
2744 2723 2831 2774 pr.

1499 2789 1550 2837 et
1573 2779 1632 2850 S.
1655 2783 1877 2846 merito,
1896 2797 1963 2837 nc
1984 2785 2122 2854 quid
2160 2785 2221 2838 in
2259 2786 2352 2842 loc.
2374 2785 2521 2848 mibi.
2544 2785 2665 2856 Ipsa
2710 2787 2829 2840 loca

1501 2863 1630 2915 sunt
1657 2857 1715 2912 in
1741 2858 1865 2929 jure
1888 2870 1941 2916 et
1978 2866 2233 2933 potestate
2270 2863 2537 2928 civitam,
2566 2871 2624 2919 ut
2668 2863 2831 2934 possit

1501 2937 1693 2994 civitas
1719 2937 1787 2992 de
1814 2939 1898 2996 his
1922 2945 2170 3006 statuere,
2201 2946 2258 2996 ut
2286 2943 2431 2998 velit.
2458 2941 2613 2997 Unde
2640 2943 2833 2998 dieun-

1503 3023 1594 3071 tur
1621 3017 1734 3072 haec
1759 3018 2093 3088 privatorum
2135 3019 2361 3091 quidem
2388 3021 2575 3077 usibus
2602 3020 2834 3078 deservi-

1501 3111 1588 3150 re:
1611 3096 1705 3150 sed
1742 3097 1867 3169 jure
1904 3097 2171 3161 civitatis,
2196 3101 2249 3153 d.
2280 3100 2336 3155 L.
2362 3101 2417 3156 2.
2442 3101 2503 3153 in
2536 3116 2623 3168 pr.
2663 3099 2721 3154 id
2752 3106 2833 3156 est

1502 3190 1564 3229 eo
1587 3174 1743 3245 jure,
1768 3175 1916 3246 quod
1956 3182 2036 3231 est
2072 3176 2305 3232 civitatis
2346 3177 2625 3250 proprium
2645 3218 2660 3241 ‚
2684 3181 2831 3249 quod

1505 3253 1616 3324 ipsa
1643 3252 1843 3310 deinde
1866 3254 2055 3310 civitas
2077 3254 2326 3312 concedit
2340 3256 2597 3312 omnibus
2618 3256 2833 3314 civibus

1505 3330 1564 3386 in
1593 3329 1755 3386 rebus
1779 3331 2031 3388 civitatis.
2056 3335 2237 3404 Atque
2274 3335 2439 3405 hujus
2464 3335 2735 3406 potestatis
2757 3337 2836 3392 ef-

1507 3409 1704 3472 fectus,
1728 3419 1781 3464 et
1829 3417 2212 3481 argumentum
2267 3413 2367 3469 hoc
2415 3420 2523 3477 est,
2572 3415 2752 3486 quod,
2785 3415 2831 3472 si

1505 3488 1661 3560 quis,
1688 3487 1851 3544 etiam
1880 3491 2099 3547 nemine
2138 3491 2489 3561 prohibente,
2516 3492 2575 3551 in
2614 3495 2832 3562 publico

1505 3566 1886 3623 mdificaverit:
1912 3569 2120 3640 placet,
2154 3569 2197 3626 si
2238 3571 2415 3628 obstet
2441 3571 2499 3628 id
2538 3571 2831 3628 aediticium

1507 3645 1731 3718 publico
1772 3645 1925 3711 usui,
1964 3664 2125 3711 eum.
2164 3649 2261 3720 qui
2300 3649 2555 3722 operibus
2598 3649 2835 3721 publicis

1509 3724 1789 3796 pra-fectus
1825 3730 1935 3789 est,
1962 3728 2157 3784 debere
2199 3727 2255 3784 id
2298 3729 2591 3801 deponere:
2633 3729 2676 3785 si
2720 3745 2833 3786 nou

1507 3803 1682 3858 obstet
1698 3845 1712 3868 ‚
1738 3809 1917 3860 tamen
1948 3806 2143 3862 debere
2166 3806 2427 3863 solarium
2453 3806 2504 3862 ei
2532 3807 2835 3878 imponere,

1513 3881 1572 3938 id
1597 3887 1677 3938 est
1700 3883 1948 3955 vectigal.
1970 3887 2123 3957 quod
2146 3886 2441 3957 quotannis
2465 3903 2563 3958 pro
2586 3887 2701 3944 solo
2728 3887 2836 3943 rei-
2898 3911 2905 3918 ·

1503 4089 1887 4138 matera-Par.
1908 4101 1959 4134 α.
1982 4107 2036 4136 n.
2062 4085 2140 4136 13.
2166 4098 2215 4141 ct
2240 4106 2351 4155 seq.
2374 4089 2451 4152 jus
2471 4087 2755 4137 liberorum
2776 4087 2833 4138 in

1505 4147 1567 4200 d.
1603 4151 1667 4200 L.
1710 4165 1752 4198 ι.
1787 4149 2053 4211 intelligit
2085 4152 2151 4200 de
2189 4151 2297 4217 jure
2322 4153 2504 4217 patriae
2530 4151 2833 4216 potcstatis,

1505 4212 1642 4280 quod
1670 4213 1914 4264 omuibus
1949 4213 2171 4280 irnperio
2210 4216 2441 4266 Romano
2472 4218 2725 4283 subjectis
2762 4218 2833 4268 sit

1505 4297 1562 4328 ea
1603 4278 1713 4344 lege
1762 4296 2081 4330 concessum.
2115 4281 2261 4331 Licet
2295 4283 2437 4331 enim
2466 4322 2480 4343 ,
2528 4281 2701 4347 inquit
2728 4321 2743 4344 ,
2780 4285 2833 4333 id

1507 4345 1681 4395 multo
1713 4353 1837 4394 ante
1872 4344 2117 4395 videatur
2152 4346 2398 4398 tribuisse
2432 4348 2743 4398 Antoninus
2778 4347 2831 4397 in

1509 4413 1576 4462 L.
1617 4425 1695 4478 ¹7·
1746 4409 1815 4460 de
1850 4423 1984 4460 stat.
2032 4414 2170 4463 hom.
2216 4419 2390 4462 tamen
2430 4431 2535 4464 non
2588 4413 2658 4464 ita
2695 4415 2834 4463 clare

1509 4475 1644 4526 circa
1683 4476 1760 4541 jus
1800 4474 1977 4541 pati-ire
2010 4477 2287 4541 potcstatis
2322 4479 2522 4529 locutus
2556 4487 2687 4528 erat.
2723 4477 2835 4529 Nec

1509 4557 1689 4590 rarum
1710 4578 1725 4600 ,
1762 4541 1965 4602 priores
1999 4541 2411 4593 constitutiones
2464 4561 2553 4611 per
2588 4542 2835 4594 noviores

1511 4603 1705 4673 repeti.
1742 4605 1923 4658 Aliter
1962 4607 2112 4659 vult.
2140 4607 2215 4660 ad
2245 4607 2294 4678 ς.
2318 4609 2369 4676 4
2396 4611 2645 4666 Insa-..ad
2679 4617 2736 4668 S.
2768 4617 2831 4662 C.

1517 4675 1761 4728 Tea-tull.
1798 4694 1855 4726 n.
1898 4688 1945 4724 ι.
1976 4687 2024 4726 et
2065 4689 2113 4722 α.

3247 3581 3268 3722 j

3259 3817 3266 4042 ἕ

3259 4079 3267 4162 τ
