3327 5214
445 181 522 238 99
1267 177 1588 238 nuuole
1629 177 1949 236 noxii-:Lu
1986 175 2363 236 coMMBN'r.

439 289 628 361 favore
644 323 658 346 ‚
683 283 740 340 C.
763 284 828 340 de
852 284 1009 354 eeqib.
1037 283 1097 338 L.
1119 284 1279 340 stilla
1295 322 1310 347 ,
1352 283 1418 339 D.
1455 285 1568 342 eoa.
1608 281 1770 347 Hac,

447 369 508 418 ut
536 362 679 424 dixi,
721 379 786 418 ex
829 363 1016 418 eodem
1042 377 1238 432 genere
1271 361 1520 420 definitio
1557 371 1669 426 est.
1710 361 1767 417 in

435 441 610 513 specie
663 441 718 496 id
781 439 958 512 ipsum
1018 440 1327 512 exprimens
1344 481 1358 504 ,
1407 441 1560 512 quod
1610 439 1763 512 prius

443 520 772 590 generaliter
795 519 1084 575 delinitum
1109 527 1201 575 est.
1223 519 1382 586 Quod
1407 518 1554 575 enim
1595 518 1764 575 alicu-

437 597 529 670 jus
553 598 725 668 gratia
751 597 1098 653 constituitur
1113 639 1128 662 ,
1151 613 1288 669 stepe
1312 597 1488 652 verbis
1512 597 1767 653 indistin-

441 686 526 732 cte
552 676 626 732 ita
651 676 1024 740 constituitur,
1046 682 1108 732 ut
1131 677 1432 733 secundum
1471 677 1634 732 verba
1672 676 1767 732 ad-

441 771 623 812 versus
647 769 771 809 eum
797 754 976 826 ipsum
1008 754 1208 810 servari
1248 755 1458 810 debeat.
1492 754 1597 810 Sed
1634 753 1767 826 legis

442 834 606 897 ratio,
633 832 768 889 idest
791 833 1080 897 sententia,
1105 833 1372 906 prohibet.
1398 833 1591 889 Caussa
1611 833 1765 892 enim

443 911 558 969 baec
573 921 667 974 est,
683 918 741 979 ut
763 911 854 966 lex
869 909 1007 982 prosi
1015 918 1050 967 t.
1071 909 1272 968 Contra
1298 911 1562 967 rationem
1579 911 1767 982 igitur,

439 1006 612 1060 eoque
637 997 692 1045 et
716 995 904 1046 contra
927 990 1250 1046 sententiam
1279 988 1439 1058 legis,
1465 999 1526 1045 ut
1549 998 1765 1046 noceat:

437 1067 607 1140 idque
656 1068 776 1126 fieri
816 1067 917 1124 hac
957 1070 1144 1139 regula
1195 1075 1422 1124 vetatur.
1471 1069 1630 1134 Quod
1646 1109 1660 1132 ,
1704 1075 1765 1124 ut

441 1153 678 1217 apparet,
701 1163 768 1202 ex
791 1147 1071 1218 superiore
1095 1145 1413 1203 delinitione
1437 1147 1675 1216 generali
1693 1147 1763 1202 ad

441 1223 584 1280 hanc
621 1223 846 1296 speciem
875 1224 1188 1280 traductum
1229 1231 1322 1280 est.
1363 1225 1626 1295 Exempla
1653 1225 1768 1280 hoec

435 1311 582 1359 sunt.
617 1303 809 1358 Edicto
850 1303 918 1358 dc
959 1303 1126 1374 pactis
1165 1303 1486 1373 generaliter
1536 1311 1767 1359 cautum

439 1390 518 1438 est
535 1420 549 1443 ‚
575 1389 728 1452 pacta
755 1381 880 1436 dolo
903 1383 1052 1436 malo
1078 1380 1212 1436 sacta
1231 1397 1340 1436 non
1356 1397 1464 1438 esse
1486 1383 1766 1437 servanda.

439 1461 503 1516 L.
519 1463 910 1530 jurisperitum
927 1499 940 1520 ,
966 1461 1007 1532 S
1050 1464 1128 1514 ait
1143 1469 1372 1529 proetor,
1413 1460 1482 1516 D.
1523 1461 1588 1515 de
1625 1467 1766 1532 pact.

441 1537 512 1593 Ut
537 1538 650 1594 haec
675 1538 835 1593 verba
862 1545 1018 1602 sunt,
1044 1537 1221 1594 omnis
1259 1537 1519 1609 ejusmodi
1556 1539 1767 1609 pactio,

439 1626 533 1672 aut
569 1616 861 1672 transactio
905 1615 1115 1672 nullius
1153 1616 1414 1673 momenti
1456 1624 1559 1681 est,
1598 1617 1763 1673 etiam

437 1695 742 1766 postulante
783 1711 844 1750 eo
860 1736 875 1759 ,
915 1693 1012 1766 qui
1053 1695 1288 1767 decepit,
1329 1695 1765 1767 quamvis‘dece-

436 1781 560 1846 ptus
584 1773 822 1828 maxime
847 1773 1049 1830 servari
1088 1774 1234 1830 velit.
1261 1775 1364 1829 Sed
1393 1773 1494 1830 hoc
1521 1789 1632 1831 non
1651 1775 1764 1845 pla-

411 1851 565 1907 ·cuit.
603 1851 750 1918 Quin
781 1850 854 1906 ita
891 1853 1245 1908 constitutum
1283 1858 1391 1916 est,
1425 1852 1468 1909 si
1511 1853 1764 1923 deceptus

435 1931 768 2002 pactionem,
809 1931 892 1985 vel
950 1931 1335 1987 transationem
1390 1930 1763 2001 interpositam

434 2023 655 2064 manere
679 2007 839 2073 velit,
862 2009 1199 2065 audiendum
1224 2025 1346 2064 esse.
1373 2012 1433 2066 L.
1456 2014 1767 2066 transactio-

433 2103 501 2144 πο
522 2087 698 2157 finita,
725 2087 782 2142 C.
807 2088 870 2143 de
895 2095 1148 2144 transaet.
1175 2088 1320 2143 unde
1347 2090 1448 2145 hoc
1463 2096 1763 2159 sumptum,

435 2182 561 2222 eum
585 2167 656 2223 sit
679 2173 864 2222 contra
893 2166 1175 2223 manifesta
1217 2168 1379 2224 verba
1419 2165 1615 2233 edicti,
1639 2183 1763 2238 quoe

433 2243 578 2300 nibil
613 2243 932 2317 excipiunt?
957 2246 1040 2302 Ex
1081 2247 1288 2301 ratione
1329 2245 1511 2302 edicti.
1549 2245 1762 2317 Perspi-

433 2337 600 2378 cuum
625 2332 702 2382 est
729 2321 906 2383 enim
923 2323 1012 2393 jus
1035 2324 1137 2380 hoc
1162 2324 1515 2380 constitutum
1540 2339 1647 2380 oese
1673 2325 1766 2381 de-

433 2401 572 2471 cepti
597 2417 813 2466 caussa,
839 2417 949 2458 non
977 2402 1308 2474 decipientis.
1332 2401 1536 2470 Quod
1519 2417 1578 2457 m
1607 2403 1757 2460 favo-

433 2495 548 2534 rem
575 2479 782 2551 decepti
805 2481 1160 2542 constitutum
1199 2488 1308 2544 est,
1347 2481 1600 2538 adversus
1633 2498 1763 2538 eum

431 2559 668 2615 converti
707 2573 818 2614 non
847 2559 1036 2625 debet,
1061 2567 1122 2617 ut
1148 2575 1210 2617 eo
1235 2560 1434 2625 invito,
1474 2567 1528 2617 et
1571 2567 1761 2618 contra

429 2654 600 2710 quam
642 2638 727 2694 illi
767 2638 1014 2707 expedit,
1053 2639 1228 2711 pactio
1253 2639 1578 2695 infirmetur.
1621 2639 1757 2697 Item

425 2717 516 2787 jus
539 2725 646 2780 est,
665 2715 937 2787 judicium
964 2732 1090 2773 cum
1117 2717 1330 2774 minore
1353 2716 1549 2787 viginti
1593 2718 1760 2789 quin-

429 2812 538 2867 que
559 2796 721 2853 annis
743 2799 860 2851 sine
885 2800 1064 2853 tutore
1079 2838 1094 2860 ,
1118 2803 1214 2853 aut
1237 2804 1483 2853 curatore
1509 2796 1623 2867 ejus
1645 2814 1757 2854 non

429 2875 729 2931 consistere.
757 2876 818 2930 L.
845 2889 1043 2945 neque,
1071 2876 1129 2931 C.
1153 2876 1216 2930 de
1242 2890 1462 2945 procur:
1505 2876 1565 2932 L.
1605 2876 1653 2931 1.
1697 2876 1755 2932 L.

427 2956 484 3010 2.
523 2955 582 3011 C.
605 2958 700 3025 qui
724 2954 870 3023 ἱερεῖ.
890 2968 1029 3023 pers.
1053 2952 1238 3009 Minor
1253 2953 1376 3009 sine
1401 2961 1648 3009 curatore
1668 2955 1755 3026 ju-

428 3033 572 3089 dicio
597 3033 732 3103 egit,
756 3039 810 3088 et
837 3030 1101 3087 sententia
1141 3047 1239 3102 pro
1274 3032 1486 3088 minore
1511 3032 1620 3087 lata
1660 3040 1753 3089 est.

425 3111 484 3169 si
512 3114 673 3168 verba
699 3110 832 3179 legis
855 3110 1150 3181 sequimur:
1167 3126 1344 3182 neque
1368 3110 1458 3165 bic
1479 3110 1754 3181 judicium

427 3191 557 3252 suit,
586 3199 640 3245 et
664 3208 730 3247 ex
757 3188 942 3245 inutili
966 3188 1176 3259 judicio
1205 3188 1529 3245 sententiam
1558 3188 1759 3260 judicis

426 3269 505 3323 rei
528 3268 780 3338 judicatae
805 3265 1178 3325 auctoritatem
1204 3267 1405 3325 habere
1432 3283 1542 3325 non
1561 3268 1755 3340 potuit.

427 3348 534 3405 Sed
561 3347 766 3417 placuit
783 3386 796 3409 ,
831 3346 1152 3402 sententiam
1194 3347 1399 3412 valere,
1441 3348 1504 3403 L.
1545 3364 1655 3403 mm
1696 3365 1757 3405 oo

427 3430 603 3481 minus
620 3466 634 3489 ,
663 3426 720 3479 C.
745 3426 810 3480 de
827 3440 973 3495 proc.
1001 3424 1266 3482 nimirum
1291 3442 1358 3481 ex
1385 3424 1518 3495 legis
1541 3435 1753 3483 senten-

425 3504 517 3559 tia.
573 3504 644 3559 Et
697 3503 810 3558 hire
866 3502 1138 3559 intellecta
1193 3522 1261 3561 ex
1312 3505 1442 3575 legis
1499 3505 1706 3561 ratione
1738 3548 1752 3571 ,

422 3583 626 3653 quippe
649 3598 775 3636 cum
801 3581 1047 3651 superius
1070 3580 1210 3637 illud
1249 3583 1602 3639 consitutum
1641 3584 1754 3640 fue-

423 3660 499 3717 rit
523 3677 622 3731 pro
649 3660 950 3715 minoribus
967 3700 980 3723 ,
1006 3674 1074 3714 ne
1089 3700 1104 3723 ,
1129 3658 1172 3716 si
1199 3660 1313 3716 sine
1341 3660 1630 3724 tutoribus,
1653 3672 1753 3721 aut

423 3739 765 3795 curatoribus
788 3749 1032 3809 agerent,
1055 3738 1394 3794 laederentur.
1420 3740 1683 3805 Proinde,
1707 3742 1750 3798 si

422 3821 561 3875 forte
586 3817 796 3887 agendo
821 3818 1099 3871 meliorem
1115 3816 1478 3873 conditionem
1495 3834 1648 3876 suam
1677 3820 1751 3876 fe·-

421 3896 624 3955 cerint:
643 3898 732 3967 jus
755 3896 1000 3967 superius
1041 3908 1150 3949 non
1175 3896 1419 3959 nocebit,
1462 3912 1561 3957 ne.
1597 3900 1748 3968 quod

419 3992 608 4033 corum
635 3975 814 4031 favore
841 3974 1218 4030 introductum
1245 3984 1352 4038 est,
1379 3974 1633 4031 adversus
1659 3993 1749 4033 eos

3029 176 3131 238 ¹00

1846 281 1928 352 gis
1950 281 2275 341 sententiam
2300 281 2413 338 illis
2436 279 2631 336 obeaee.
2666 279 2735 336 Et
2759 281 2867 338 haec
2896 283 3125 340 sententia

1844 361 2481 508 segilltpgzpegetbenditur
2506 444 2558 494 et
2583 453 2649 494 ex
2674 439 2916 510 inquitate
2938 445 3131 496 senten-

1840 514 1913 572 tia
1943 516 2075 586 legis
2098 517 2405 586 angustior,
2429 532 2523 572 scu
2560 516 2741 572 minus
2778 517 2987 572 voluisse
3022 518 3125 580 lex,

1843 595 1968 664 plus
1990 593 2281 664 scripsisse.
2304 612 2429 651 cum
2456 593 2603 666 quod
2631 595 2941 663 generaliter
2976 603 3024 650 et
3060 595 3133 650 in-

1842 670 2097 728 distinete
2112 673 2373 746 scriptum
2396 682 2473 729 est
2492 714 2506 738 ,
2533 673 2861 743 quibusdam
2887 672 2941 728 in
2964 674 3133 730 caussis

1842 767 1857 802 t
1867 749 2081 820 jusdem
2108 752 2317 820 generis
2348 752 2603 822 iniquum
2640 751 2861 808 videtur.
2892 751 3051 819 Quam
3070 753 3131 807 ob

1844 844 2087 884 caussam
2110 829 2321 901 quoties
2344 829 2401 886 id
2426 829 2719 900 contingit,
2755 830 2933 885 eadem
2956 829 3035 884 bic
3056 830 3127 884 in·

1844 907 2243 977 terpretationis
2268 909 2455 978 regula
2484 916 2688 978 recepta
2716 917 2814 975 est,
2838 923 2953 979 quae
2978 907 3029 962 in
3062 925 3134 964 ra·

1844 983 1991 1040 tione
2017 985 2174 1056 legis,
2200 995 2260 1042 ut
2286 989 2374 1042 lex
2398 987 2457 1043 in
2485 985 2553 1043 iis
2576 987 2819 1052 casibus,
2858 987 2913 1042 in
2952 986 3131 1057 quibus

1842 1059 2035 1134 iniqua
2072 1063 2349 1128 videatur,
2382 1065 2655 1138 aequitatis
2688 1066 2870 1136 regula
2906 1072 3133 1136 tempere-

1844 1147 1951 1204 tur,
1978 1141 2111 1198 idest
2138 1143 2195 1198 in
2222 1141 2289 1200 iis
2314 1145 2477 1200 verba
2500 1143 2612 1198 sint
2629 1184 2643 1208 ,
2668 1151 2725 1200 at
2752 1144 2835 1199 lex
2861 1151 3009 1201 cesset
3034 1159 3137 1215 pro-

1846 1227 1963 1290 pter
2002 1221 2359 1288 sententiam,
2390 1233 2444 1278 et
2482 1221 2657 1294 (quod
2702 1221 2841 1278 idem
2881 1221 2981 1294 est)
3013 1223 3137 1278 exci-

1846 1298 2073 1369 piantur
2088 1299 2146 1354 hi
2161 1316 2315 1356 casus
2338 1317 2405 1358 ex
2430 1301 2572 1372 lege,
2596 1299 3013 1372 repugnantibus
3032 1300 3136 1372 qui-

1844 1376 1969 1432 dem
2004 1378 2206 1444 verbiS,
2246 1389 2303 1434 at
2336 1379 2575 1436 maxime
2611 1379 2954 1450 suffragante,
2992 1388 3039 1435 et
3074 1378 3135 1434 ita

1844 1457 2147 1526 postulante
2170 1458 2435 1514 sententia
2452 1499 2467 1522 ,
2491 1474 2555 1514 ac
2584 1459 2859 1514 voluntate
2884 1455 3020 1528 legis.
3044 1458 3139 1513 Vo-

1842 1535 2110 1590 luntatem
2136 1537 2278 1592 banc
2304 1537 2437 1607 legis
2459 1553 2592 1603 esse,
2620 1536 2949 1607 intelligetur
2972 1542 3141 1607 postea,

1840 1613 2113 1684 superiore
2150 1617 2335 1686 regula
2374 1615 2831 1687 interpretationis
2862 1614 3138 1670 constituta.

1845 1690 2002 1748 Prius
2026 1692 2197 1764 ipsam
2221 1695 2467 1766 regulam
2492 1694 2569 1766 ita
2595 1710 2703 1751 esse
2746 1694 3033 1751 doceamus.
3055 1692 3141 1746 De-

1842 1778 2175 1826 monstratur
2227 1788 2351 1829 vero
2406 1774 2519 1830 baec
2568 1773 2836 1830 sententia
2877 1779 2927 1827 et
2966 1767 3141 1841 regulis

1836 1846 1975 1917 iuris
1988 1849 2317 1919 quibusdam
2344 1851 2701 1922 generalibus,
2712 1860 2769 1908 et
2784 1848 2969 1907 multis
2987 1863 3143 1905 exan-

1844 1925 1947 1996 plis
1984 1943 2167 1984 rerum
2195 1929 2337 1985 banc
2374 1931 2544 2002 ipsam
2582 1929 3067 2002 interpretationem
3090 1925 3139 1981 in

1840 2005 2011 2076 specie
2038 2015 2099 2062 ut
2125 2007 2510 2072 indicantibus,
2526 2009 2601 2066 ita
2624 2016 2679 2065 et
2702 2003 3142 2065 confirmantibus.

1846 2083 1969 2140 Huc
1994 2085 2104 2141 illae
2130 2088 2328 2156 reguloe
2363 2097 2469 2144 tres
2504 2087 2691 2144 referri
2734 2087 2947 2147 debent.
2980 2084 3142 2140 Prima

1842 2159 1985 2218 hoec:
2011 2164 2078 2219 In
2102 2165 2341 2221 omnibus
2364 2168 2576 2238 quidem
2594 2207 2609 2230 ,
2646 2169 2883 2222 vna-xime
2908 2172 3070 2220 tamon
3092 2165 3142 2217 ἐπ

1832 2244 1965 2312 jure
2003 2246 2223 2313 equitas
2261 2247 2545 2314 spectanda
2582 2252 2672 2300 est.
2712 2245 2779 2301 L.
2816 2243 2875 2300 in
2910 2242 3144 2300 omnibus

1841 2320 2092 2391 quidem,
2120 2321 2188 2377 D.
2212 2321 2277 2378 de
2301 2339 2414 2394 req.
2426 2327 2546 2395 jur.
2571 2322 2820 2395 AEquitas
2844 2339 2907 2378 eo
2928 2328 3144 2392 spectan-

1842 2399 1910 2454 da
1940 2400 1997 2455 in
2018 2401 2171 2473 Jure‚
2200 2416 2305 2470 non
2336 2411 2398 2458 ut
2425 2402 2587 2474 hujus
2610 2400 2786 2473 specie
2804 2401 2891 2473 jus
2914 2398 3143 2454 tollatur:

1838 2477 1929 2534 scd
1957 2486 2043 2545 ut,
2068 2480 2203 2535 dum
2215 2480 2303 2550 jus
2326 2481 2594 2546 manebit,
2620 2480 2752 2536 binc
2776 2475 3143 2550 interpretatio·

1838 2573 1963 2615 nem
2015 2565 2069 2615 et
2120 2558 2345 2615 modum
2398 2559 2657 2632 accipiat,
2698 2575 2771 2617 ne
2818 2559 2905 2632 jus
2951 2561 3147 2629 propter

1838 2638 2001 2693 verba
2020 2679 2033 2702 ,
2058 2636 2219 2694 etiam
2251 2638 2307 2694 in
2334 2638 2536 2710 quibus
2559 2637 2761 2695 caussis
2784 2638 3031 2709 iniquum
3053 2644 3143 2695 est.

1837 2715 2099 2787 perfracte
2126 2716 2437 2773 retineatur.
2480 2718 2543 2773 ld
2584 2718 2823 2773 ostendit
2864 2718 2958 2773 illa
2996 2715 3143 2771 altera

1838 2793 1976 2851 Celsi
2002 2810 2069 2849 ex
2096 2795 2157 2851 L.
2180 2796 2461 2867 benignius
2474 2839 2489 2861 ,
2508 2796 2573 2852 D.
2593 2795 2661 2851 de
2684 2796 2851 2867 legib.
2872 2796 3146 2863 nmquis·

1836 2872 1979 2943 loyes
2002 2877 2409 2945 inter-protanam
2432 2882 2583 2939 snm,
2608 2890 2714 2946 quo
2756 2890 2942 2931 earum
2976 2873 3151 2927 volun·

1830 2961 1915 3007 tas
1963 2962 2311 3011 conservetur.
2352 2954 2697 3024 Benignitate
2733 2952 2979 3011 adhibita
3019 2950 3148 3021 leges

1832 3045 1943 3087 non
1998 3030 2263 3089 tollendas
2310 3049 2419 3091 esse
2444 3032 2606 3098 dicit,
2656 3032 2752 3087 sed
2818 3033 3146 3101 interpretan-

1832 3112 1942 3166 das.
1968 3110 2065 3165 Est
2100 3119 2285 3167 autem
2312 3110 2619 3181 benignitas
2652 3125 2767 3167 non
2814 3119 3025 3168 tantum
3060 3108 3146 3163 hu-

1834 3189 2102 3255 manitas,
2127 3189 2218 3245 sed
2245 3190 2407 3247 etiam
2436 3190 2691 3260 inquitas,
2715 3189 2857 3246 idest
2877 3190 2963 3261 jus
3001 3194 3142 3242 natu-

1834 3268 1977 3334 rale,
2017 3268 2165 3339 quod
2204 3284 2412 3340 semper
2452 3284 2673 3339 aequum
2712 3276 2769 3324 et
2810 3270 3013 3324 bonum
3062 3272 3143 3321 est.

1836 3346 2111 3418 AEquitate
2160 3356 2343 3405 autem
2384 3345 2725 3418 interpretari
2745 3386 2761 3410 ‚
2800 3356 2881 3405 oet
2916 3344 3146 3417 aequitate

1830 3424 2100 3481 moderari
2125 3434 2177 3483 et
2204 3434 2517 3499 temperare.
2556 3425 2687 3491 Quae
2720 3424 2907 3482 omnia
2946 3424 3148 3479 demon-

1828 3511 2073 3560 strantur
2094 3504 2155 3560 in
2186 3506 2247 3561 L.
2270 3522 2379 3559 non
2403 3508 2515 3559 sine
2533 3543 2548 3567 ‚
2572 3505 2631 3560 C.
2666 3507 2730 3562 de
2758 3505 2878 3561 bon.
2917 3516 3031 3573 qum
3066 3500 3149 3555 lib.

1832 3584 1928 3641 ubi
1959 3584 2070 3639 haec
2096 3582 2243 3642 idem
2269 3584 2479 3639 valent:
2503 3588 2743 3653 equitas,
2758 3590 2813 3638 et
2828 3583 3145 3637 moderamen

1828 3662 2100 3718 naturalis
2116 3665 2269 3733 juv-ie
2284 3680 2304 3715 .·
2328 3662 2551 3731 benique
2576 3669 2873 3733 temperare
2890 3701 2905 3725 ,
2928 3665 2981 3714 et
3002 3660 3149 3728 αφά·

1831 3749 1956 3806 tate,
1992 3757 2083 3797 seu
2107 3742 2378 3798 naturalis
2410 3742 2562 3810 juris
2591 3741 2953 3797 moderamine
2978 3744 3147 3805 tempo-

1826 3836 1965 3877 rare.
2008 3820 2095 3876 Ex
2132 3820 2391 3877 omnibus
2428 3818 2527 3875 illa
2569 3818 2814 3875 maxime
2842 3832 2958 3873 rem
2984 3812 3144 3887 expri-

1828 3897 1948 3963 mit,
1973 3915 2095 3972 quoe
2122 3898 2361 3957 traditur
2386 3895 2443 3952 in
2474 3894 2535 3953 L.
2560 3898 2787 3962 plac-m,
2820 3898 2879 3954 C.
2905 3893 2971 3950 de
2990 3893 3146 3967 judic.

1830 3978 2075 4042 Placuit,
2112 3982 2173 4034 iu
2213 3976 2453 4033 omnibus
2492 3976 2647 4033 rebus
2680 3979 3016 4069 ρνωσίριιωι.
3047 3984 3141 4028 em

419 4061 764 4112 convertatur
803 4060 989 4109 contra
1029 4052 1444 4124 suprascriptam
1486 4053 1746 4123 regulam.
1817 4059 2041 4126 justicia!
2064 4060 2458 4129 (equitatuque,
2491 4067 2658 4125 quam
2696 4056 2867 4111 stricti
2894 4053 3040 4125 juris
3062 4064 3145 4103 m-

417 4134 594 4204 quue
617 4150 685 4189 ex
709 4148 771 4188 eo
795 4139 892 4195 est,
906 4131 1038 4204 quia
1065 4139 1140 4186 est
1165 4140 1351 4187 contra
1379 4130 1510 4205 legis
1533 4142 1746 4189 senten-

417 4212 571 4269 tiam.
593 4212 752 4279 Quod
777 4210 1037 4281 eleganti,
1077 4217 1130 4264 et
1167 4210 1315 4265 brevi
1356 4211 1619 4267 sententia
1656 4229 1746 4268 ex-

419 4306 662 4363 proesum
701 4291 861 4347 estin
887 4292 938 4345 d.
971 4291 1028 4346 L.
1053 4304 1160 4344 non
1187 4304 1246 4344 eo
1269 4294 1475 4352 mima,
1511 4288 1598 4347 his
1631 4308 1746 4347 ver-

421 4371 534 4425 bis:
562 4370 858 4427 Mino-ribus
881 4372 1070 4424 etenim
1093 4376 1220 4424 cetus
1241 4370 1301 4423 in
1325 4370 1535 4425 damnis
1560 4372 1689 4427 snb«
1678 4388 1749 4425 e-

419 4452 536 4502 niro
555 4487 570 4507 ,
593 4462 700 4503 non
725 4452 784 4501 in
807 4448 960 4504 rebus
978 4464 1228 4519 prospere
1248 4453 1410 4519 yestis
1433 4452 1600 4509 obesse
1621 4466 1743 4505 con-

420 4526 604 4579 suevit.
627 4524 696 4579 Et
721 4526 822 4581 hoc
847 4535 940 4581 est.
966 4528 1121 4595 Legis
1143 4527 1430 4586 consilium
1459 4540 1533 4586 est
1568 4530 1745 4585 mino-

421 4602 574 4661 ribus
600 4600 658 4657 in
685 4603 900 4663 damnis
921 4604 1224 4663 subvenire.
1253 4608 1428 4679 Igitur
1454 4619 1640 4669 contra
1669 4610 1741 4664 le

487 4768 561 4834 (3)
597 4766 745 4820 Hinc
769 4772 1014 4823 strictum
1055 4776 1131 4843 jus
1167 4792 1368 4827 summu
1403 4778 1620 4845 injuria
1655 4777 1740 4829 di-

1823 4138 2029 4192 tionem.
2070 4134 2346 4191 Sententia
2386 4139 2495 4192 est.
2536 4133 2633 4189 ubi
2669 4132 2761 4205 jus
2812 4130 3141 4223 generalibus

1824 4214 2001 4271 verbis
2024 4215 2283 4287 scriptum
2310 4217 2416 4277 est,
2442 4221 2495 4267 et
2518 4212 2849 4284 quibusdam
2878 4212 2939 4267 in
2960 4203 3148 4264 caussis

1821 4306 2040 4363 aequum
2066 4300 2121 4348 et
2140 4296 2348 4365 justum
2374 4308 2485 4347 non
2511 4300 2589 4349 est
2616 4292 2673 4346 id
2716 4289 2951 4354 servari,
2988 4294 3045 4342 ut
3092 4282 3145 4338 iu

1822 4368 1908 4426 his
1957 4372 2047 4443 jus
2098 4373 2361 4444 scriptum
2422 4388 2453 4426 a
2517 4370 2727 4461 J'ustitia
2790 4377 2845 4425 et
2906 4365 3145 4437 aequitate

1820 4451 2113 4507 dissideat.
2165 4466 2453 4523 sequemur
2504 4449 2683 4520 potius
2744 4448 2895 4521 quod
2948 4446 3143 4516 justum

1818 4538 1871 4585 et
1925 4545 2145 4601 aequum
2182 4540 2300 4595 ffaet
2351 4544 2521 4603 quam
2561 4528 2707 4617 quod
2747 4522 3006 4595 scriptum
3048 4528 3147 4577 est.

1818 4608 1949 4683 quia
2002 4608 2075 4683 (3)
2126 4612 2287 4669 verba
2338 4626 2371 4667 a
2420 4606 2630 4681 justitia
2680 4618 2733 4664 et
2774 4601 3027 4675 :equitate
3066 4614 3147 4653 re·

1824 4780 1999 4845 citur,
2032 4774 2148 4829 Cic.
2192 4792 2237 4827 1.
2273 4774 2408 4829 offic.
2436 4792 2641 4831 summer
2663 4773 2881 4826 malitia
2900 4804 2921 4830 ,
2945 4764 3069 4816 ''⁸1⁶⁸-
3092 4780 3149 4814 1¹⁸
