3327 5214
458 0 491 8 ’
570 0 589 6 ”
1919 1 1930 4 ’
2033 4 2062 34 “
2147 1 2156 4 “
2282 24 2415 84 .'·›-·
2520 74 2531 84 ,
2728 3 2781 50 ’“·
2882 3 3045 102 ⁸·ss

2450 137 2481 163 ἢ
3004 94 3018 119 1

330 197 386 254 X

331 295 844 399 difficultates
864 351 886 386 ,
910 321 1078 370 cum
1103 297 1376 400 quibus
1409 316 1484 372 et
1521 305 1671 397 ipsi
1704 299 1839 372 diu
1874 306 2157 377 luctati
2194 310 2329 378 vix
2365 305 2673 379 ‚tandem
2708 309 3054 380 eluctan-

329 414 486 481 tur.
535 397 750 494 Quae
809 405 878 472 si
940 405 1240 496 magnis
1291 405 1478 473 viris
1522 415 1599 474 et
1649 407 1963 474 summis
2002 405 2579 503 jurisconsultis
2628 407 2995 480 accidunt
3022 459 3047 498 ,

329 500 520 602 quid
552 500 751 573 haec
774 498 1036 572 studia
1070 498 1675 596 ingredientibus
1696 553 1717 588 ,
1738 517 1811 574 et
1846 509 1929 574 in
1966 501 2087 576 his
2121 529 2269 578 nou
2324 506 2463 579 diu
2522 513 2839 578 versatis
2894 529 3051 580 eve-

328 606 494 674 nire
535 609 901 701 putamus
923 598 960 672 2
995 596 1288 700 Nempe
1395 598 1545 674 uod
1579 600 1921 676 videmus
1944 653 1966 688 ‚
2022 620 2111 678 ut
2136 657 2157 694 ,
2194 612 2535 706 quamvis
2570 609 2750 676 aliis
2798 609 3049 678 literis

327 697 508 776 bene
539 704 943 788 instructi,
973 722 1194 798 saepe
1231 703 1314 770 in
1342 623 1468 774 Zis
1500 699 1721 774 libris
1753 700 1995 784 nilzilo
2019 708 2197 804 plus
2232 705 2327 778 de
2346 708 2530 807 jure
2566 709 3011 800 intelligant
3029 757 3052 796 ,

327 825 556 902 quam
591 807 656 876 si
681 805 980 875 omnino
1002 804 1272 899 scripti
1305 825 1456 874 non
1477 817 1749 876 essent.
1773 798 2157 895 Quorsum
2191 803 2375 878 haec
2410 806 2505 878 de
2538 811 2785 902 operis
2820 803 3049 903 hujus

323 918 401 976 et
431 902 887 999 disciplinae
936 899 1448 1000 difficultate,
1497 900 1626 976 ubi
1678 901 2012 978 homines
2038 911 2293 1002 potius
2344 905 2449 978 ad
2500 907 2661 1007 ejus
2711 905 3051 978 studium

323 1007 663 1076 excitari
715 999 1246 1080 conveniebat?
1281 997 1458 1079 Non
1507 1025 1694 1086 sane
1746 1019 1833 1076 ut
1858 1054 1881 1092 ‚
1927 1001 2403 1106 difficultate
2445 1011 2874 1102 proposita,
2924 1003 3052 1078 de·

321 1115 770 1177 terreantur
817 1107 1160 1176 oratione
1211 1115 1472 1174 nostra
1530 1100 1624 1174 ab
1680 1106 1843 1206 ejus
1901 1110 2099 1178 artis
2153 1111 2581 1202 cognitione
2604 1157 2629 1192 ,
2665 1103 2768 1176 ad
2818 1129 3051 1204 quam

323 1206 487 1300 ipsa
545 1206 662 1274 rei
710 1207 1203 1301 praestantia
1265 1217 1340 1276 et
1399 1207 1775 1276 utilitatis
1830 1207 2281 1302 magnitudo
2332 1230 2478 1304 per
2536 1227 2614 1277 se
2668 1209 2860 1276 satis
2914 1229 3049 1287 nos¹

317 1305 636 1385 invitat:
660 1303 794 1376 sed
813 1317 904 1374 ut
940 1305 1471 1396 intelligatur,
1482 1327 1765 1401 parum
1802 1325 1959 1376 esse
1994 1307 2096 1378 ad
2120 1306 2465 1385 studium
2488 1303 3050 1402 suscipiendum

307 1407 844 1500 praestantiae
863 1405 1121 1484 ‚ullius
1189 1415 1270 1476 et
1321 1403 1894 1501 amplitudinis,
1928 1404 2023 1478 de
2058 1430 2211 1505 qua
2250 1407 2600 1479 diximus
2629 1457 2651 1490 ‚
2683 1426 3049 1476 commen-

316 1500 741 1592 dationem,
763 1507 828 1576 si
866 1453 1179 1575 aliund’e
1215 1500 1658 1576 adiumenta
1696 1504 1969 1578 desunt
2005 1503 2261 1605 adjus
2288 1503 2903 1604 pernoscendum.
2944 1502 3047 1576 Ut

315 1608 518 1676 enim
553 1607 736 1683 illae
769 1617 958 1691 sunt
1008 1599 1526 1701 difficultates
1561 1619 1636 1677 et
1688 1605 2189 1694 incommoda,
2216 1629 2411 1705 quae
2462 1604 2681 1692 dixi,
2730 1626 2887 1676 una
2924 1621 3039 1676 est

319 1699 506 1780 haec
531 1702 946 1802 disciplina
967 1727 1076 1778 ex
1109 1696 1486 1792 omnibus,
1519 1727 1717 1804 quae
1748 1710 2135 1796 singulari
2174 1705 2503 1807 quodam
2516 1704 2707 1804 sato
2730 1718 3049 1801 praeter
3108 1711 3119 1724 '

315 1818 660 1876 caeteras
711 1810 1050 1878 maxime
1099 1802 1431 1876 doctoris
1463 1828 1767 1900 operam
1796 1855 1819 1891 ,
1850 1819 1925 1877 et
1964 1819 2217 1878 rectae
2254 1809 2767 1878 institutionis
2800 1807 3043 1876 lucem

314 1899 782 2004 ductumque
817 1903 1200 1978 desideret
1229 1954 1252 1992 ,
1281 1908 1450 1976 sine
1485 1901 1759 2004 quibus
1794 1903 2005 1978 haud
2038 1930 2376 2006 unquam
2388 1902 2652 2003 facile
2658 1899 3042 2000 futurum

313 2003 457 2091 sit,
509 2017 600 2076 ut
656 2000 778 2075 hic
831 2008 1236 2104 quisquam
1287 2027 1456 2078 eum
1485 2001 1781 2098 finem,
1834 2025 2055 2102 quem
2099 2011 2342 2102 petit,
2398 2009 2795 2100 attingat,
2827 2004 3041 2102 juris

313 2107 834 2198 cognitionem.
893 2104 1057 2176 Aut
1114 2110 1316 2177 enim
1371 2102 1847 2204 difficultate
1903 2102 2351 2180 debilitatus
2400 2127 2571 2176 cum
2618 2125 2747 2200 spe
2796 2125 3042 2176 conse·

310 2201 597 2301 quendi
617 2207 850 2274 etiam
875 2203 1369 2298 cognoscendi
1392 2204 1733 2278 studium
1769 2200 2113 2304 abjiciet:
2138 2221 2307 2294 aut,
2326 2210 2390 2278 si
2404 2201 3037 2304 perseverandum

299 2300 654 2398 putabit,
688 2301 868 2376 hinc
904 2301 1207 2401 quidem
1243 2303 1709 2378 obscuritate
1743 2320 1817 2378 et
1846 2309 2367 2405 perplexitate
2405 2328 2663 2376 rerum
2712 2307 3035 2374 circum-

311 2417 577 2479 ventus
604 2400 865 2501 facile
908 2428 1050 2501 pro
1099 2408 1293 2478 veris
1321 2399 1592 2501 falsa,
1635 2430 1781 2503 pro
1833 2402 2150 2479 utilibus
2190 2408 2544 2491 inutilia,
2584 2427 2729 2500 pro
2774 2401 3037 2475 solidis

310 2504 578 2579 inania
628 2507 1208 2602 complectetur,
1245 2517 1331 2574 ut
1374 2510 1451 2576 in
1497 2503 1833 2576 tenebris
1879 2527 2145 2578 errare
2192 2522 2267 2578 et
2290 2503 2537 2602 decipi
2551 2500 3035 2603 facillimum

309 2619 463 2675 est:
497 2607 718 2676 illinc
771 2620 1026 2680 autem
1077 2609 1449 2678 varietate
1497 2610 1971 2701 negotiorum
2006 2620 2083 2679 et
2134 2603 2627 2678 multitudine
2676 2602 3037 2701 impedito

308 2716 540 2801 atque
581 2705 961 2779 distracto
993 2709 1316 2789 eveniet,
1353 2721 1440 2779 ut
1465 2710 1695 2803 prius
1730 2710 1953 2777 illum
2007 2710 2161 2778 vita
2214 2702 2621 2805 defecerit,
2656 2728 2887 2803 quam
2924 2708 3034 2776 vel
3104 2798 3107 2803 Ι

305 2825 542 2875 unam
575 2821 880 2903 partem
917 2828 1024 2877 ex
1069 2808 1494 2881 innumeris
1543 2820 1789 2878 totam
1831 2809 2061 2905 plane
2110 2812 2212 2877 sit
2264 2822 2681 2877 assecutus.
2716 2800 2856 2874 Ex
2888 2826 3035 2901 quo

305 2906 542 2977 etiam
593 2908 929 3001 intelligi
966 2909 1343 2991 volumus,
1377 2928 1526 2977 non
1560 2923 1837 2980 temere
1870 2928 2067 2992 esse,
2104 2904 2307 3005 quod
2341 2919 2500 2976 tam
2536 2907 2762 2974 multi
2798 2908 3035 2973 omni-

305 2998 445 3077 bus
469 3028 706 3104 prope
737 3002 1124 3091 aetatibus
1149 3006 1428 3104 injure
1451 3004 2029 3102 interpretando
2048 3022 2127 3083 et
2148 3002 2694 3103 complanando
2728 3024 3031 3101 operam

296 3110 737 3201 posuerint:
789 3098 1204 3202 suscepisse
1238 3107 1412 3175 illos
1445 3128 1791 3203 operam,
1824 3122 1912 3178 ut
1964 3112 2047 3177 in
2098 3121 2267 3177 arte
2306 3108 2723 3203 praeclara
2758 3116 2834 3175 et
2888 3107 3033 3177 rei-

293 3203 648 3299 publicae
701 3200 1084 3299 regendae
1137 3209 1550 3301 magistra,
1607 3230 1773 3278 vere
1828 3202 2291 3279 laudabilem
2311 3232 2343 3293 ,·
2398 3218 2489 3277 ut
2546 3210 2629 3274 in
2684 3206 2825 3275 illa
2876 3200 3034 3302 dif-

285 3301 653 3396 ficultate
687 3310 1233 3393 necessariam,
1267 3317 1344 3377 et
1431 3332 1534 3377 ua
1571 3328 1705 3377 ars
1740 3327 2003 3379 carere
2040 3330 2188 3381 non
2213 3310 2494 3405 possit:
2530 3302 2732 3377 hanc
2772 3318 3027 3377 autem

232 3415 246 3430 ·
304 3406 441 3502 qui
475 3409 558 3477 in
609 3404 730 3479 his
766 3405 985 3479 rebus
1009 3414 1234 3481 ‘recte
1267 3329 1720 3495 adZibeant,
1743 3430 1864 3479 eos
1888 3422 2265 3504 quantum
2303 3413 2385 3477 in.
2422 3402 2640 3475 rebus
2676 3403 3029 3477 humanis

303 3510 657 3605 consequi
706 3506 935 3593 licet,
986 3505 1080 3577 de
1129 3506 1350 3581 donis
1405 3506 1605 3594 Dei,
1651 3504 1748 3579 de
1798 3504 2353 3581 excellentibus
2412 3504 2735 3591 studiis,
2790 3502 3032 3600 deque

303 3626 578 3698 genere
615 3604 943 3677 humano
963 3630 1194 3704 quam
1229 3612 1505 3702 optime
1541 3612 1840 3677 mereri.
1864 3604 2085 3700 Quod
2111 3631 2280 3678 cum
2314 3610 2686 3677 sentirent
2712 3605 3031 3702 majores

301 3710 599 3793 nostri,
651 3708 772 3776 illi
825 3709 1211 3794 maxime,
1261 3710 1398 3805 qui
1440 3722 1614 3803 post
1666 3721 2003 3803 tempora
2054 3704 2481 3779 Iustiniani
2531 3703 2719 3775 haec
2768 3701 3031 3775 studia

217 3877 227 3889 ,
303 3816 486 3877 ante
509 3810 782 3877 omissa
806 3810 1006 3879 velut
1049 3809 1518 3901 postliminio
1553 3821 2045 3877 revocarunt:
2071 3814 2456 3907 sapienter
2480 3802 2985 3902 providerunt
3007 3854 3031 3891 ,

301 3929 395 3979 ne
448 3903 567 3979 his
619 3904 900 3979 studiis
952 3908 1094 3975 illa
1151 3902 1595 3979 adiumenta
1631 3904 1996 3979 deessent.
2052 3905 2222 3977 Una
2274 3910 2474 3979 enim
2528 3926 2697 3975 cum
2748 3902 3030 3975 studiis

259 4012 536 4081 .eu·am
587 4008 831 4079 lucem
866 4003 1300 4079 studiorum
1344 4013 1840 4093 excitarunt,
1865 4004 2155 4102 publici
2174 4010 2387 4107 juris
2426 3999 2813 4101 publicam
2858 4025 3031 4098 pro-

283 4106 706 4207 sessionem
755 4120 832 4179 et
883 4110 1594 4202 interpretationem
1617 4132 1649 4193 ,·
1684 4127 1820 4181 nec
1856 4108 2019 4177 ulla
2074 4112 2235 4180 alia
2274 4111 2355 4176 in
2393 4119 2565 4176 arte
2615 4102 3029 4174 studiosius

300 4212 636 4305 quaesiti
659 4223 736 4281 et
761 4205 1086 4281 adhibiti
1098 4222 1280 4281 sunt
1293 4220 1785 4287 praestantes
1807 4210 2284 4304 interpretes,
2304 4227 2681 4301 nusquam
2710 4202 3029 4301 majores

303 4310 656 4396 honores,
689 4331 1066 4409 nusquam
1119 4310 1494 4406 ampliora
1519 4311 1869 4407 praemia
1906 4307 2533 4405 interpretationi
2569 4308 3029 4386 constituta,

27 4448 74 4493 ῃ,
301 4410 485 4481 dum
521 4416 632 4485 ita
671 4409 1023 4481 videlicet
1038 4407 1412 4509 judicant
1437 4431 1524 4478 ae
1580 4431 1764 4478 uum
1800 4430 1993 4496 esse,
2024 4423 2111 4479 ut
2146 4407 2522 4503 dignitati
2562 4408 2700 4492 rei,
2724 4396 3031 4475 etlabo·

305 4508 514 4583 ribus
539 4514 888 4610 praemia
929 4507 1490 4606 responderent.
1597 4530 1731 4580 aec
1764 4506 2023 4579 eadem
2053 4511 2413 4603 cogitatio
2438 4519 2669 4605 atque
2708 4500 2833 4575 hic
2868 4522 3033 4573 sen.-

307 4635 432 4683 sus
473 4626 788 4705 patrum
841 4624 1272 4681 nostrorum
1323 4614 1687 4682 memoria
1730 4612 2045 4706 impulit
2096 4622 2254 4683 tam
2306 4608 2621 4692 multos,
2658 4608 2871 4676 utin
2892 4602 3031 4702 jus

305 4714 521 4784 civile
567 4709 1022 4797 scriberent,
1047 4714 1126 4783 in
1151 4705 1420 4807 quibus
1445 4732 1592 4779 non
1617 4715 1855 4805 pauci
1868 4706 2211 4805 fuerunt
2244 4708 2663 4807 excellenti
2702 4704 3035 4797 ingenio,
