3327 5214
2912 227 2990 284 x!

260 341 362 414 et,
387 341 480 396 ut
505 340 670 398 trun
707 340 1043 425 tempora
1079 323 1618 416 concedebant,
1639 331 1875 398 etiam
1910 325 2265 398 doctrina
2287 382 2305 413 ‚
2343 325 2613 426 quibus
2636 326 2984 399 studium

237 423 408 524 fuit
441 448 850 502 occurrere
884 425 1210 499 tenebris
1229 426 1444 526 juris
1467 479 1490 516 ,
1524 441 1602 500 et
1634 447 1945 498 cursum
1984 424 2249 498 liorum
2285 417 2715 499 studiorum
2754 443 2983 503 antea

257 551 398 596 non
435 540 600 598 tam
633 528 1122 627 impeditum,
1157 551 1387 628 quam
1425 531 1964 614 interclusum,
1976 531 2402 623 planiorem
2440 542 2515 600 et
2529 525 2983 626 faciliorem

253 626 594 697 reddere.
619 623 850 730 Quo-d
882 632 948 699 si
982 626 1078 698 ab
1097 631 1254 699 illis
1289 619 1450 700 tam
1465 623 1825 724 feliciter
1827 623 2150 725 factum
2174 642 2407 714 esset,
2428 628 2943 728 quamsedulo
2962 679 2983 714 ,

241 743 554 822 poterat
570 729 742 827 jam
767 727 1070 827 pridem
1107 727 1292 800 haec
1311 732 1550 800 omnis
1583 725 2016 829 difficultas
2035 729 2251 828 juris
2288 752 2567 824 magna
2615 748 2725 802 ex
2749 745 2983 825 parte

247 849 408 898 esse
460 833 872 901 imminuta
899 879 923 916 ,
955 843 1032 900 et
1067 845 1332 900 nostra
1381 851 1608 926 opera
1641 851 1736 896 ac
1762 842 2239 924 posterorum
2274 835 2357 897 in
2406 829 2657 900 eodem
2709 853 2980 922 genere

243 931 500 998 minus
553 935 979 1002 necessaria
1029 951 1212 1002 esse.
1264 925 1669 1030 Nusquam
1704 932 1905 1000 enim
1933 925 2125 1026 jere
2164 934 2435 1026 plures
2470 935 2981 1029 scripserunt,

239 1049 626 1124 nusquam
663 1030 985 1128 majores
1023 1031 1545 1102 commentarii
1580 1042 1656 1100 et
1684 1031 2198 1126 p1·olioeiores;
2220 1043 2689 1129 apparetque
2726 1033 2977 1100 maxi-

239 1150 448 1202 mam
489 1143 800 1224 partem
850 1128 1114 1202 sedulo
1161 1145 1396 1230 atque
1455 1133 1731 1224 optimo
1764 1127 2019 1200 studio
2069 1133 2483 1226 scripsisse.
2516 1130 2675 1216 Ac,
2709 1134 2776 1199 si
2825 1153 3011 1200 non.

237 1231 502 1324 iniqui
531 1233 850 1300 istorum
885 1225 1224 1302 laborum
1253 1233 1779 1302 aestimatores
1814 1249 1973 1302 esse
1996 1225 2789 1326 volumus‚fatendum
2826 1245 2971 1318 est,

235 1327 518 1422 dignos
563 1351 724 1400 esse
774 1352 1026 1400 omnes
1075 1353 1360 1426 magna
1409 1327 1640 1400 laude
1676 1331 1787 1400 vel
1823 1325 1962 1402 hoo
2010 1335 2346 1418 nomine,
2394 1329 2593 1429 quod
2632 1327 2934 1424 publice
2952 1381 2973 1418 ,

235 1449 442 1524 quae
499 1443 867 1501 noverant
893 1483 914 1518 ‚
959 1435 1032 1501 in
1089 1453 1400 1502 comune
1455 1433 1949 1502 contulerunt
1971 1479 1996 1518 ,
2028 1443 2103 1502 et
2129 1453 2277 1526 pro
2312 1433 2519 1501 virili
2553 1433 2973 1500 salutarem

230 1541 487 1598 artem
494 1529 778 1628 juvare
801 1529 1286 1604 studuerunt.
1312 1527 1422 1603 Et
1449 1551 1628 1602 vero·
1642 1525 2115 1626 prosuerunt
2140 1532 2491 1630 plerique
2518 1533 2973 1626 plurimum,

227 1630 296 1694 si
345 1651 506 1696 non
561 1631 870 1723 longius
895 1682 916 1716 ,
953 1645 1039 1702 at
1087 1645 1292 1705 certe
1335 1635 1417 1702 in
1461 1653 1544 1700 eo
1577 1632 1759 1714 alii,
1802 1627 2008 1726 quod
2063 1632 2345 1700 similia
2405 1643 2479 1702 et
2512 1627 2967 1718 dissimilia,

227 1725 312 1796 id
357 1742 524 1814 est,
570 1753 836 1800 rerum
884 1729 1577 1825 cognoscendarum
1609 1743 1685 1801 et
1718 1726 2407 1828 expendeetdarum
2444 1719 2969 1801 silvam‘colle-

223 1841 516 1920 gerunt
531 1852 565 1912 ,·
597 1832 776 1916 alii,
811 1830 1014 1929 quod
1049 1846 1432 1903 acuerunt
1467 1835 1546 1900 in
1571 1834 1903 1928 posteris
1936 1828 2359 1930 quaerendi
2396 1833 2551 1900 veri
2584 1827 2969 1918 studium,

222 1942 300 1997 et
349 1929 795 2000 inveniendi
843 1935 1076 2002 etiam
1127 1953 1394 2002 ansam
1433 1928 1979 2029 praebuerunt.
2032 1925 2520 2031 Quamquam
2574 1930 2717 1998 alii
2786 1933 2967 2001 aliis

224 2025 473 2100 laude
507 2026 942 2124 digniores,
975 2046 1065 2102 ut
1098 2045 1284 2102 sunt
1317 2030 1514 2102 dona
1551 2029 1700 2102 Dei
1736 2033 1818 2102 in
1852 2034 2187 2127 singulis
2220 2027 2541 2100 diversa.
2574 2025 2727 2098 Sed
2761 2029 2967 2128 quod

221 2125 318 2198 de
369 2128 724 2199 omnibus
761 2135 840 2201 in
871 2135 1306 2202 universum
1344 2153 1508 2204 vere
1541 2132 1795 2205 dicere
1836 2135 2107 2218 liceat,
2142 2153 2362 2224 saepe
2412 2125 2853 2215 sedulitati,
2888 2145 2965 2202 et

219 2223 440 2298 bonis
477 2228 874 2304 conatibus
905 2253 1299 2304 successus
1333 2253 1482 2302 non
1512 2231 1903 2328 respondit
1922 2283 1939 2314 ,
1963 2245 2383 2328 contraque
2406 2253 2507 2302 ev:
2532 2234 2648 2300 nit
2674 2235 2965 2324 potius,

219 2341 312 2394 ut
383 2330 814 2400 multitudo
871 2329 1366 2404 scribentium
1417 2347 1737 2426 augeret
1786 2328 2303 2431 difficultates
2322 2381 2343 2414 ,
2376 2352 2521 2400 non
2562 2333 2963 2402 minueret.

223 2423 430 2496 Cum
463 2431 668 2498 enim
703 2447 902 2502 esset
933 2455 1022 2502 ea
1059 2439 1264 2502 ratio
1295 2446 1380 2504 et=
1406 2432 1699 2532 injuria
1748 2445 2205 2529 temporum,
2238 2426 2513 2531 quibus
2546 2434 2913 2501 vixerunt
2942 2479 2963 2512 ,

221 2541 308 2598 ut
345 2531 604 2601 multa
645 2535 728 2600 in
761 2553 1030 2626 genere
1065 2536 1466 2623 sermonis,
1500 2553 1648 2632 quo
1662 2532 1879 2633 juris
1912 2545 2261 2604 auctores
2310 2534 2432 2600 usi
2472 2545 2694 2618 sunt,
2719 2532 2961 2627 plura

223 2632 306 2697 in
341 2626 678 2705 historia
716 2654 976 2703 rerum
1010 2630 1564 2721 Romanarum,
1598 2632 1873 2733 quibus
1920 2646 2222 2705 constat
2237 2632 2378 2731 jus
2416 2632 2633 2701 civile
2654 2682 2677 2717 ‚
2702 2633 2961 2727 plera-

224 2750 370 2827 que
407 2738 666 2802 omnia
707 2736 786 2801 in
819 2736 1000 2803 aliis
1034 2732 1334 2805 artibus
1367 2737 1544 2803 illos
1556 2734 1986 2832 sugerent:
1999 2728 2215 2830 fecit
2250 2730 2437 2805 haec
2475 2735 2963 2825 ignorantia,

219 2843 350 2915 ut,
385 2838 621 2927 quasi
671 2836 752 2902 in
795 2838 1212 2928 peregrina
1265 2838 1568 2927 regione
1619 2848 2117 2908 versarentur
2164 2831 2493 2931 hospites
2517 2881 2541 2918 ,
2576 2834 2825 2901 neulta
2876 2837 2958 2901 in

211 2928 394 3023 jure
428 2953 582 3002 non
618 2936 1182 3027 intelligerent,
1205 2937 1446 3029 plura
1473 2947 2005 3033 perverterent
2054 2937 2395 3033 opinione
2410 2927 2663 3029 falsi:
2696 2955 2785 3001 ea
2824 2954 2961 3001 au·

225 3041 380 3098 tem
415 3034 654 3103 etiam
679 3055 876 3130 quae
909 3031 1484 3127 intelligebant,
1507 3038 1621 3105 ita
1659 3033 1972 3106 tradere
2006 3056 2151 3103 non
2182 3045 2529 3130 possent,
2550 3045 2639 3101 ut
2662 3028 2756 3100 ab
2781 3035 2959 3101 aliis

222 3130 1370 3227 intelligerentur,necessariis
1403 3130 1705 3205 artibus
1730 3134 1835 3205 ad
1873 3157 1993 3205 res
2026 3131 2540 3231 explicandas
2574 3130 2953 3202 destituti.

221 3222 435 3299 Hinc
485 3234 904 3313 sententiae
919 3227 1190 3329 falsae
1241 3247 1355 3306 tot
1388 3248 1466 3305 et
1513 3251 1673 3307 tam
1712 3238 1997 3305 multae
2030 3239 2369 3306 invectae
2406 3238 2485 3302 in
2507 3234 2644 3333 jus
2694 3233 2911 3302 civile
2927 3258 2959 3319 ,-

223 3348 354 3415 ac,
391 3352 546 3427 quo
595 3354 854 3403 errore
893 3338 1231 3429 primum
1283 3348 1518 3407 natae
1565 3350 1827 3422 erant,
1870 3333 2123 3407 eodem
2178 3349 2521 3432 receptae
2565 3346 2825 3429 postea
2877 3348 2953 3404 et

223 3427 752 3529 comprobatae
779 3460 806 3501 .·
856 3432 1216 3507 adversus
1275 3458 1472 3535 quas
1535 3432 1879 3505 omnibus
1937 3448 2142 3508 recte
2192 3438 2579 3506 institutis
2652 3448 2732 3503 et
2799 3438 2963 3504 veri.

221 3528 666 3627 amantibus
707 3550 1162 3630 perpetuum
1213 3550 1600 3607 certamen
1650 3556 1810 3607 esse
1858 3532 2094 3607 debet.
2134 3533 2377 3607 Utiles
2428 3549 2504 3606 et
2555 3558 2772 3607 verae
2816 3547 2958 3604 aut

221 3634 584 3717 omissae,
620 3649 758 3705 aut
796 3638 878 3702 in
913 3648 1118 3707 certo
1169 3638 1524 3721 relictae,
1576 3650 1721 3706 aut
1772 3640 2010 3707 etium
2057 3642 2268 3707 ultro
2320 3632 2773 3731 repudiatae
2788 3659 2820 3719 ,⁰
2872 3638 2957 3702 in

221 3728 504 3825 quibus
539 3736 652 3803 vel
687 3736 1085 3821 eruendis,
1112 3740 1222 3809 vel
1248 3734 1340 3807 ab
1375 3737 1669 3835 injuria
1708 3736 2191 3808 vindicandis
2228 3738 2507 3836 majore
2542 3734 2980 3837 diligentia*

217 3844 291 3900 et
331 3836 808 3905 contentione
843 3840 950 3907 sit
983 3858 1188 3932 opus.
1225 3831 1552 3907 Inscitia
1589 3853 1851 3907 autem
1884 3852 1959 3909 et
1996 3836 2351 3907 distortio
2385 3852 2617 3934 atqice
2645 3848 2959 3932 pertur-

219 3924 422 4003 batio
457 3937 830 4003 orationis
855 3937 1390 4033 propemodum
1440 3934 1950 4036 difficultatis
1976 3940 2158 4035 plus
2194 3942 2275 4007 in
2318 3940 2713 4033 plerisque
2748 3946 2957 4005 attu-
2987 3962 3013 3995 e

218 4032 350 4118 lit,
411 4056 654 4131 quam
703 4057 859 4106 esse
907 4056 1254 4135 unquam
1299 4042 1538 4135 possit
1593 4042 1676 4108 in
1730 4042 1828 4109 iis
1878 4042 2235 4134 scriptiS,
2285 4052 2608 4137 quorum
2668 4054 2951 4106 caussa

216 4134 762 4229 interpretatio
793 4134 1371 4235 suscipiebatur.
1395 4137 1742 4209 Accessit
1766 4136 2303 4210 dissidentium
2328 4142 2538 4211 inter
2570 4158 2647 4207 se
2680 4138 2956 4229 opinio-

215 4254 396 4299 num
438 4236 781 4304 varietas
815 4248 892 4306 et
927 4236 1346 4309 multitudo
1379 4252 1600 4309 tanta
1619 4252 1751 4324 ,ut
1776 4244 2006 4311 citius
2044 4233 2351 4336 quidvis
2372 4260 2518 4333 per
2552 4250 2627 4306 te
2666 4238 2953 4306 intelli-

213 4356 388 4423 gas,
451 4349 729 4431 qaam,
779 4334 974 4434 quid
1023 4342 1106 4407 in
1159 4343 1307 4409 ista
1361 4338 1824 4411 dissensione
1858 4364 1965 4412 ex
1998 4334 2339 4409 omnibus
2381 4340 2643 4433 potius
2689 4356 2955 4430 sequa-

215 4456 326 4517 re,
361 4433 586 4529 apud
617 4448 694 4504 te
729 4450 1056 4507 statuas.
1095 4434 1412 4538 Itaque,
1435 4456 1526 4509 ut
1561 4454 1879 4537 apparet
1898 4492 1919 4527 ‚
1935 4452 2449 4537 pervenerunt
2484 4436 2587 4505 ad
2613 4450 2953 4531 posteros

213 4554 510 4633 quoque
561 4534 871 4606 eaedem
909 4534 1466 4633 difficultates,
1515 4538 1718 4610 idem
1769 4543 1851 4609 in
1890 4538 2007 4611 his
2032 4539 2240 4637 juris
2276 4534 2843 4634 interpretandi
2878 4550 2956 4607 et

213 4634 676 4729 explicandi
711 4633 962 4722 labor,
1000 4634 1212 4708 haud
1245 4644 1440 4727 scio,
1465 4664 1566 4709 an
1590 4664 1675 4712 eo
1709 4650 1943 4712 etiam.
1980 4645 2242 4712 multis
2274 4634 2631 4737 partibus
2668 4638 2951 4737 major,

215 4735 414 4826 quod
447 4735 820 4805 adversus
849 4740 1192 4833 priorum
1231 4754 1646 4837 temporum
1694 4746 2171 4835 corruptelas
2216 4753 2296 4809 et
2346 4742 2803 4810 inveteratos
2838 4762 2955 4807 er-
