3327 5214
2256 50 2347 115 “b—-

331 217 442 278 ΧΠ
510 237 535 259 ··

334 345 542 397 rores
567 347 706 392 non
751 331 998 396 minus
1037 324 1318 397 durum
1337 377 1358 412 ,
1382 347 1515 394 nec
1556 328 1806 394 minus
1844 327 2238 396 molestum
2267 343 2652 400 certamen
2682 325 3057 431 dzjicitur.
3090 317 3102 327 ⁵

333 420 501 515 Quo
521 423 988 496 laudabilior
1011 441 1246 525 atque
1271 427 1679 509 illustrior,
1702 445 1792 494 ac
1816 447 1963 493 non
1998 439 2304 496 tantum
2333 433 2577 522 magis
2600 417 3060 526 reipublicae

331 530 758 596 necessaria
789 530 1360 622 praestantium
1395 529 1728 598 virorum
1753 545 1981 620 opera
1993 525 2431 624 judicanda
2454 543 2609 617 est,
2630 535 2765 629 qui
2800 543 3059 602 nostra

337 639 590 697 aetate
629 623 733 696 ad
760 627 902 725 jus
947 631 1166 699 civile
1201 649 1349 696 non
1397 639 1559 696 tam
1605 623 2313 721 interpretandum,
2360 649 2593 726 quam
2642 651 3061 726 repurgan-

335 723 518 794 dum
553 739 630 797 et
667 725 1264 799 instaurandum
1293 721 1669 824 felicibus
1718 729 1930 794 ausis
1982 740 2487 797 accesserunt.
2524 724 3060 825 Intelligentes

334 829 563 914 enim,
585 823 776 924 quid
797 827 971 926 jus,
993 843 1095 896 ‘ut
1131 842 1466 922 tempora
1503 841 1765 909 erant,
1790 829 2274 921 postularet;
2308 841 2718 900 certarunt
2750 843 3061 902 strenue

335 945 504 994 cum
543 928 726 996 illis
761 924 1399 1024 difficultatibus,
1437 928 1884 1022 contemptis
1918 928 1998 996 in
2048 949 2133 997 eo
2156 933 2669 1024 praeposteris
2720 931 2934 1024 vulgi
2968 927 3061 1001 de

335 1046 412 1094 se
431 1023 794 1124 judiciis,
829 1049 1060 1098 unam
1115 1025 1312 1099 hanc
1350 1030 1432 1095 in
1466 1051 1624 1098 rem
1676 1030 1995 1112 intenti,
2050 1041 2140 1097 ut
2192 1031 2501 1098 veritati
2555 1041 2631 1099 et
2686 1025 3063 1124 dignitati

223 1201 228 1208 ,
334 1147 592 1196 rerum
633 1132 1041 1214 servirent,
1085 1125 1288 1227 quod
1335 1130 1829 1225 praestantia
1886 1129 2179 1220 ingenii
2236 1141 2313 1198 et
2370 1125 2767 1200 doctrinae
2800 1123 3064 1226 facile

334 1231 664 1296 assecuti
719 1251 1080 1320 magnam
1114 1232 1361 1298 lucem
1377 1227 1557 1326 juri
1589 1229 1803 1298 civili
1849 1224 2313 1298 intulerunt.
2352 1222 2645 1296 Horum
2680 1232 2764 1298 in
2798 1225 3062 1298 eadem

335 1347 559 1422 opera
611 1325 927 1398 docendi
946 1328 1164 1426 juris
1199 1327 1731 1421 diligentiam,
1774 1339 1851 1398 et
1900 1325 2244 1397 studium
2296 1331 2591 1397 imitari
2640 1349 2772 1397 nos
2822 1325 3059 1402 decet.

335 1423 461 1494 Me
497 1449 701 1513 vera,
735 1449 956 1524 quem
1011 1426 1221 1498 Deus
1253 1428 1426 1526 jam
1461 1431 1639 1497 olim
1678 1428 1966 1498 vocavit
1999 1431 2083 1496 in
2124 1440 2429 1522 partem
2482 1422 2710 1526 hujus
2744 1449 3012 1524 operae
3036 1477 3061 1514 ‚

318 1525 558 1623 juvat
611 1529 830 1596 illius
881 1531 1193 1626 imperio
1235 1540 1676 1623 parentem,
1726 1524 2024 1624 dispari
2074 1530 2255 1597 licet
2308 1547 2659 1597 successu
2688 1522 3062 1620 fortasse,

207 1649 214 1656 ·
323 1629 512 1720 pari
548 1640 798 1696 tamen
839 1641 914 1698 et
951 1631 1329 1698 communi
1363 1625 1618 1697 studio
1643 1623 2010 1724 juvandi,
2044 1647 2217 1697 cum
2254 1623 2373 1696 liis
2410 1627 2867 1724 conjungere
2900 1649 3066 1723 ope-

339 1747 506 1813 ras,
543 1740 617 1797 et
653 1725 992 1823 quotidie
1014 1727 1426 1800 discentem
1459 1724 1769 1826 aliquid
1794 1725 2161 1824 progredi
2195 1728 2535 1820 longius,
2568 1742 2643 1796 et
2674 1731 3063 1824 experiri,

337 1845 516 1893 num
574 1824 770 1923 quid
825 1829 975 1921 ipsi
1025 1849 1319 1927 qunque
1375 1830 1534 1922 opis
1583 1842 1661 1898 ct
1718 1824 2145 1898 adiumenti
2202 1823 2712 1896 communibus
2762 1825 3065 1900 ‘studiis

338 1922 706 1996 adversus
775 1927 958 1996 illas
1007 1925 1530 2026 difficultates
1579 1947 2078 2026 quaecunque
2132 1939 2479 2014 restant,
2526 1923 2851 2022 adjerre
2893 1944 3067 2023 pm*

336 2027 596 2093 simus.
649 2021 902 2118 Quam
954 2024 1059 2096 ad
1093 2051 1252 2099 rem
1301 2042 1536 2098 extra
1561 2022 1911 2124 publicas
1946 2039 2024 2098 et
2065 2024 2418 2097 assiduas
2468 2023 2789 2098 docendi
2838 2048 3065 2100 exer·-

337 2126 742 2195 citationes
777 2147 1016 2222 ssaepe
1067 2131 1151 2197 in⁴
1194 2131 1630 2221 graviorum
1684 2141 1757 2196 et
1810 2121 2343 2224 difficiliorum
2396 2149 2653 2201 rerum
2714 2130 3065 2225 explica-

335 2225 536 2296 tione
573 2246 962 2296 versamur
985 2277 1009 2313 ,
1042 2249 1356 2326 eamque
1393 2223 1846 2298 mandamus
1880 2229 2169 2313 literiS,
2205 2240 2331 2313 ut,
2366 2231 2726 2325 quoniam
2746 2240 3065 2326 propter

337 2326 540 2395 alias
603 2330 1130 2419 occupationes
1180 2330 1426 2397 omnia
1469 2330 1830 2425 persequi
1864 2348 2014 2396 non
2064 2327 2291 2410 licet,
2324 2347 2432 2396 ex
2483 2329 2748 2398 multis
2794 2349 2940 2424 pro

339 2445 614 2494 nam-us
667 2428 950 2519 optima
985 2441 1061 2500 et
1119 2431 1457 2498 maxime
1513 2429 1944 2498 necessaria
1996 2429 2399 2524 explicatu
2426 2449 2449 2496 .·
2498 2429 2731 2496 simul
2780 2441 2874 2498 ut
2904 2351 3066 2526 Ji}-

320 2521 788 2618 ficilioribus
843 2527 1380 2621 cognoscendis
1441 2525 1751 2597 discant
1818 2523 2139 2597 studiosi
2166 2577 2187 2613 ,
2249 2521 2438 2627 quid
2488 2541 2921 2627 sequantur
2979 2531 3065 2599 in

337 2628 702 2695 similium
753 2641 893 2696 aut
923 2628 1389 2723 Jaciiiorum
1443 2632 1939 2714 tractatione,
1988 2642 2064 2699 et
2100 2624 2205 2697 ad
2258 2647 2515 2698 rerum
2568 2632 3067 2722 cognitionem

338 2723 482 2796 sibi
495 2750 598 2821 pa
609 2724 814 2797 rand
817 2750 934 2797 am
967 2726 1388 2827 aliquando
1407 2750 1542 2797 suo
1567 2742 1814 2799 marte
1833 2779 1852 2814 ,
1874 2750 2019 2797 non
2044 2730 2317 2798 alienis
2342 2730 2671 2799 auxiliis
2706 2742 3061 2799 utantur.

336 2820 502 2897 Nec
557 2830 858 2905 veroin.
913 2824 1034 2897 his
1081 2824 1632 2899 obscurioribus
1684 2830 1845 2898 sine
1896 2851 2173 2921 magno
2204 2825 2495 2924 fructu
2529 2842 2641 2898 est
2676 2850 2763 2898 ea
2800 2848 3065 2923 opera,

338 2948 538 3025 quae
595 2931 675 2995 in
733 2931 1064 3020 singulis
1121 2926 1500 3024 capitibus
1553 2932 1813 3023 legum
1872 2925 2138 2997 ordine
2186 2922 2675 3021 explicandis
2722 2930 3068 3023 ponitur.

343 3024 580 3099 Valet
615 3031 812 3099 enim
854 3026 1040 3100 lzacc
1083 3052 1288 3099 mora
1326 3052 1470 3098 non
1505 3042 1813 3098 tantum
1850 3024 1953 3097 ad
1988 3029 2297 3121 singula
2336 3029 2602 3095 melius
2638 3029 3069 3121 intelligen-

337 3124 481 3216 da,
517 3128 918 3199 sed-etiam
953 3126 1059 3199 ad
1074 3126 1464 3227 judicium
1501 3124 2110 3221 confirmandum
2131 3178 2149 3209 ,
2174 3140 2248 3197 et
2274 3124 2814 3200 certitudinem
2842 3150 3071 3224 prae-

338 3242 725 3324 ceptorum
763 3228 1394 3300 constituendam.
1431 3224 1627 3297 Cum
1663 3232 1898 3316 enim,
1927 3222 2279 3324 pluribus
2314 3229 2606 3297 caussis
2633 3230 3065 3322 propositis,

341 3325 680 3399 videmus
718 3333 1005 3401 multas
1037 3328 1294 3402 eadem
1331 3332 1628 3402 ratione
1663 3328 2063 3428 conjungi,
2094 3323 2507 3397 dissimiles
2560 3321 2705 3396 hac
2754 3329 2915 3422 ipsa
2949 3323 3069 3395 di-

340 3427 644 3528 sjungi,
693 3444 856 3500 tum
906 3433 1336 3525 generalem
1388 3427 1480 3500 de
1535 3428 1653 3500 his
1695 3428 2303 3525 praeceptionem
2354 3439 2645 3497 certam
2676 3438 2751 3515 et
2804 3437 3062 3494 ratam

339 3550 498 3600 esse
532 3535 986 3618 statuimus,
1021 3552 1111 3601 ac
1151 3532 1392 3602 veluti
1429 3533 1815 3622 regulam,
1848 3549 2001 3625 qua
2040 3524 2385 3599 adhibita
2422 3526 2647 3596 simul
2670 3522 3067 3619 discimus

321 3627 692 3728 judicare
719 3628 814 3701 de
849 3633 1030 3701 aliis
1049 3627 1464 3717 similibus,
1490 3628 1835 3727 idemque
1860 3632 1943 3698 in
1969 3624 2089 3697 his
2124 3625 2431 3725 efficere
2456 3622 2711 3696 eadem
2746 3628 3063 3695 ratione.

323 3727 493 3832 ,Sea
545 3727 820 3803 habent
879 3728 1064 3802 haec
1123 3753 1339 3802 suam
1399 3732 1821 3801 utilitatem
1878 3732 1957 3796 in
2016 3730 2343 3822 singulis
2394 3722 2613 3797 rebus
2666 3726 2935 3795 melius
2987 3736 3066 3795 et

338 3836 624 3902 certius
661 3828 1212 3926 cognoscendis.
1251 3828 1378 3901 Ad
1413 3836 1646 3901 totius
1659 3829 1877 3928 juris
1915 3831 2411 3922 cognitionem
2441 3875 2462 3911 ,
2496 3846 2725 3923 quam
2762 3828 3069 3923 quaeri·-

288 3961 319 3984 ··
343 3954 505 4001 mus
525 3986 543 4019 ,
571 3956 716 4001 non
732 3934 1186 4027 perveniunt
1203 3956 1234 4018 ;
1257 3946 1490 4030 atque
1516 3927 1729 4000 leand
1764 3931 1961 4016 scic,
1980 3950 2083 3998 an
2106 3950 2310 4015 eam,
2334 3930 2398 3996 si
2419 3948 2565 3993 non
2603 3924 3027 4021 impediunt
3042 3976 3077 4012 ,.

342 4047 546 4105 certe
581 4032 803 4105 valde
842 4047 1342 4109 remorentur.
1377 4028 1574 4101 Cum
1610 4033 1809 4100 enim
1862 4031 2161 4125 saepius
2190 4028 2709 4099 inculcantur
2752 4022 3012 4123 eadem
3040 4074 3063 4111 ,

341 4146 480 4201 aut
517 4134 916 4233 conjuncta
939 4133 1498 4235 disjunguntur
1519 4133 1821 4223 longius
1841 4182 1863 4216 ,
1885 4144 2021 4199 aut
2044 4127 2429 4228 disjuncta
2454 4128 2534 4193 in
2558 4148 2794 4195 unum
2820 4127 3065 4195 locum

340 4230 916 4322 conducuntur,
951 4260 1096 4336 quo
1131 4236 1432 4328 longior
1465 4229 1680 4303 labor
1714 4245 1827 4302 est
1862 4228 1955 4299 de
1994 4227 2113 4300 his
2151 4223 2535 4313 monendi,
2556 4247 2638 4296 eo
2668 4222 2765 4311 sit
2800 4232 3071 4317 cogno·

341 4332 602 4403 scendi
637 4339 756 4405 via
791 4338 1128 4431 longior,
1161 4356 1400 4434 quam
1428 4337 1510 4403 in
1565 4330 1709 4403 hac
1760 4328 2291 4425 magnitudine
2324 4340 2402 4398 et
2436 4327 2636 4397 velut
2691 4323 3069 4393 immensi-

282 4514 294 4524 η
343 4444 500 4503 tate
535 4438 780 4531 operis
811 4431 1218 4507 breviorem
1271 4438 1543 4521 etiam,
1577 4455 1807 4530 quam
1843 4452 2047 4501 nunc
2082 4441 2233 4516 est,
2250 4424 2439 4522 fieri
2472 4420 2879 4522 oportebat.
2916 4418 3072 4493 Sed

272 4527 283 4538 '
345 4545 417 4599 ct
469 4556 660 4630 quae
711 4539 791 4604 in
825 4538 1160 4631 singulis
1203 4532 1560 4631 partibus
1595 4547 1673 4605 et
1710 4528 2001 4628 legibus
2040 4526 2447 4601 adhibetur
2498 4524 3071 4629 interpretatio,

343 4652 490 4726 quo
537 4632 802 4706 ordine
853 4640 1007 4709 ista
1060 4636 1360 4710 tradita
1397 4650 1616 4719 sunt,
1668 4636 1901 4704 etiam
1956 4636 2021 4702 si
2072 4626 2534 4701 adhibeatur
2569 4630 2651 4695 in
2684 4618 3019 4694 omnibus
3046 4674 3071 4709 ,

345 4734 686 4805 consistit
721 4748 975 4807 tamen
1013 4742 1091 4808 in
1131 4736 1537 4836 disjunctis
1577 4730 1961 4820 membris,
1986 4734 2433 4828 minimeque
2460 4718 3069 4803 cohaerentibus,-
