3327 5214
183 160 282 233 233
887 158 986 217 DE
1021 156 1204 217 mun
1245 157 1468 217 cwtu
1508 156 1644 215 Lm.
1682 156 1754 214 11.
1796 156 1965 215 CAR·
1986 157 2109 217 vtl.
2760 154 2885 217 23⁴
3004 224 3021 243 ἱ

1327 328 1744 429 csl’tvn„

186 500 252 558 lle
279 500 392 575 jure
425 500 656 573 privato.
707 498 886 567 Quam
939 501 1050 558 late
1099 503 1282 571 pateat
1315 496 1434 569 ejus
1487 495 1739 555 tractatio
1780 496 1843 553 in
1882 470 2045 553 libris
2098 494 2315 553 nostris.
2349 493 2497 563 Quid
2550 493 2644 552 sit:
2680 492 2887 569 quibus

245 582 296 637 in
334 580 574 652 partibus
609 578 900 640 consistat:
919 586 978 635 et
1015 594 1188 652 quem.
1221 575 1481 635 doctrina:
1521 576 1749 633 ductum
1786 576 1847 633 in
1888 575 1991 631 boc
2028 574 2351 647 explicando
2390 575 2593 633 Auctor
2632 573 2883 643 deinceps

243 660 308 715 sit
339 664 630 725 secuturus.

175 816 456 908 Nm
487 822 704 885 portem
735 814 884 885 ἰωῆς
919 814 1100 871 civius
1133 818 1348 883 occupa
1373 813 1472 883 jur

171 904 579 1040 Jsfnpvgmauim,
615 968 760 1042 quod
797 974 962 1033 recta,
999 978 1050 1027 ee
1079 970 1476 1039 principaliter,

235 1052 304 1106 ad
335 1050 676 1120 melonum
713 1050 1000 1105 utilitatem
1027 1051 1278 1119 pertinet.
1302 1046 1374 1103 11.

233 1205 272 1261 1.
310 1207 500 1262 Restat
533 1205 626 1278 ius
651 1204 960 1277 privatum,
1004 1202 1064 1259 in
1099 1218 1212 1276 quo
1235 1203 1346 1261 fere
1369 1217 1482 1259 uno

165 1283 238 1355 ins
257 1284 414 1341 civile
441 1291 704 1341 versatur.
726 1284 824 1339 Est
837 1282 1086 1353 enimjus
1109 1283 1346 1340 maxime
1373 1282 1484 1337 sin-

164 1363 394 1433 gulorum
457 1362 668 1419 civium
716 1376 900 1418 cauma
941 1367 1332 1433 comparatum.
1369 1360 1477 1415 lta-

162 1456 256 1511 que
289 1440 342 1499 in
385 1439 684 1497 Pandectis
731 1456 798 1496 ex
845 1438 1252 1511 quinquaginta
1291 1438 1481 1501 libris,

163 1519 346 1589 quibus
375 1519 668 1575 Pundectoe
707 1526 986 1582 constant,
1025 1516 1138 1573 baec
1174 1532 1298 1589 pars
1345 1531 1479 1588 qua-

161 1598 392 1670 draginta
437 1612 638 1655 novem
689 1612 856 1669 prope
899 1597 1132 1666 integros
1181 1592 1482 1667 occupavih

164 1674 482 1735 Producitur
518 1677 670 1733 enim
713 1692 746 1731 a
787 1674 896 1732 Tit.
921 1676 1002 1732 De
1027 1683 1168 1731 statu
1209 1675 1482 1731 hominum

165 1770 319 1826 usque
355 1756 432 1813 ad
479 1755 704 1811 titulum
747 1753 820 1809 Do
850 1756 977 1826 jure
1016 1753 1146 1821 fixi.
1185 1753 1252 1809 ln
1292 1750 1485 1807 Codice

160 1833 426 1905 occuparit
453 1849 650 1891 novem
679 1833 848 1890 libros
887 1832 1090 1905 priores
1113 1838 1248 1887 totos
1286 1838 1476 1901 praeter

159 1912 474 1982 particulam
516 1912 650 1969 libri
691 1910 889 1984 primi,
926 1927 1050 1983 qun
1067 1910 1157 1981 jus
1193 1908 1481 1971 divinum,

159 1998 204 2045 et
226 1992 578 2061 magistratus
599 1988 840 2061 attingit:
869 1999 976 2047 tres
1015 1988 1328 2061 posteriores
1349 1992 1476 2043 sunt

159 2068 348 2139 dejure
391 2068 640 2141 publico.
677 2069 744 2125 ln
786 2066 1228 2125 Institutionibus
1263 2066 1332 2121 de
1366 2082 1478 2121 uno

155 2146 256 2217 iure
291 2148 514 2219 privato
553 2147 764 2219 agitur,
797 2146 844 2201 si
869 2146 1208 2218 excipiamus
1249 2143 1472 2201 titulum

31 2239 34 2302 g
159 2234 475 2295 nummum
503 2226 584 2282 De
607 2226 833 2296 puhlicis
852 2226 1091 2295 judiciis.
1117 2224 1292 2294 quue
1317 2220 1475 2277 initio

31 2303 34 2328 ¹
153 2302 394 2362 namnet
445 2302 794 2362 lastinianus
831 2305 891 2379 S.
929 2304 1028 2359 ult.
1063 2301 1210 2359 lust-⁶
1243 2302 1308 2357 de
1338 2303 1476 2372 just.

31 2409 34 2464 ἓ
153 2388 332 2453 ajw.

225 2461 294 2517 Π.
329 2463 440 2519 lus
479 2461 752 2533 privatum
791 2470 844 2519 et
883 2459 996 2524 ibi,
1033 2468 1088 2516 et
1127 2457 1186 2515 in
1217 2458 1280 2517 13.
1322 2456 1372 2513 1.
1413 2456 1472 2528 S.

31 2549 33 2576 ²
153 2538 199 2593 2.
229 2538 292 2595 D.
327 2541 450 2597 eod.
485 2540 566 2595 sic
613 2540 910 2605 definitur,
961 2540 1108 2613 quod
1175 2538 1245 2593 ad
1285 2533 1476 2605 singn-

155 2617 314 2675 lorum
353 2618 658 2676 utilitatem
697 2621 962 2692 pertinet:
1003 2627 1062 2676 ut
1103 2618 1474 2688 intelligamus

31 2728 34 2739 =
143 2701 374 2764 mium
417 2697 563 2764 dici,
615 2700 715 2770 qui
753 2698 958 2770 singuli
996 2703 1159 2762 sunt:
1198 2706 1252 2752 et
1285 2698 1470 2765 privo-

151 2781 250 2832 tut
270 2817 288 2841 ,
341 2777 498 2848 quod
564 2777 924 2848 singulorum.
985 2777 1074 2833 Ad
1127 2775 1472 2846 singulorum

151 2859 322 2911 autem
361 2853 662 2912 utilitatem
689 2854 960 2928 pertinere
997 2855 1074 2912 sic
1110 2852 1438 2925 accipiemus
1453 2891 1469 2914 ,

31 2946 33 3011 j
149 2935 284 3002 quod
337 2934 410 2989 ad
453 2934 594 2990 bane
647 2933 720 3008 (1)
773 2947 948 2998 recta,
985 2942 1040 2990 et
1095 2931 1468 3005 principaliter

31 3022 34 3087 ξ
153 3010 398 3078 mmor,
440 3028 552 3068 non
605 3012 756 3083 quod
793 3012 1050 3084 oblique,
1087 3019 1141 3067 et
1195 3027 1290 3083 per
1343 3025 1470 3064 eon-

149 3091 494 3160 suruentiam.
548 3090 773 3163 Alioqui
827 3089 992 3148 etiam
1039 3091 1134 3162 jus
1186 3087 1468 3161 publicum

151 3169 246 3224 erit
281 3169 558 3240 privatum
585 3209 602 3232 ‚
648 3185 772 3225 cum
825 3167 916 3240 jus
965 3168 1250 3241 publicum
1270 3207 1285 3230 ,
1323 3165 1474 3237 quod

31 3236 34 3301 ἓ
153 3245 406 3310 alutem,
445 3253 500 3304 et
555 3246 982 3317 incolumitatem
1039 3246 1203 3303 totius
1241 3243 1476 3302 civitatis

155 3326 416 3390 eontinet,
454 3326 620 3382 etiam
671 3327 1014 3396 singatorum
1067 3325 1272 3383 civium
1327 3323 1476 3380 utili-

155 3409 306 3460 tatem
349 3421 463 3460 una
504 3405 563 3460 in
597 3421 652 3460 se
689 3404 902 3462 babeat.
943 3405 1048 3460 Sed
1089 3403 1190 3461 boe
1223 3417 1316 3474 per
1355 3418 1480 3458 con-

155 3483 458 3554 sequentias
479 3482 788 3553 eontingit·‚
811 3499 920 3540 non
950 3489 1110 3538 recta.
1132 3483 1290 3550 Quod
1329 3480 1480 3537 enim

157 3561 430 3628 publicum
457 3568 568 3626 est,
609 3561 666 3617 id
694 3563 872 3633 primo
911 3561 1224 3633 reipublicae
1255 3560 1352 3618 soli
1381 3557 1480 3614 tri-

161 3635 342 3696 buitur
367 3640 484 3704 ita,
523 3648 586 3698 ut
613 3655 724 3696 uon
762 3640 832 3696 sit
871 3639 1243 3710 singulorum:
1285 3639 1482 3694 deinde

158 3715 352 3774 utilitas
391 3719 616 3791 publica
668 3735 700 3774 a
749 3718 962 3776 civitate
1002 3718 1112 3789 ipsa
1167 3728 1356 3774 manat
1405 3717 1476 3772 ad

161 3793 400 3864 ungulos.
457 3797 563 3854 Sed
621 3801 674 3854 et
715 3796 774 3852 in
829 3795 1054 3868 privatis
1102 3795 1204 3854 boc
1253 3811 1474 3867 quoque

161 3873 361 3940 accidit,
389 3881 456 3932 ut
495 3875 756 3932 utilitates
795 3876 1128 3948 privatorum
1169 3875 1474 3932 reserantur

161 3950 220 4004 ad
245 3952 530 4016 militatem
557 3952 826 4019 civitatis,
863 3955 1022 4026 cujus
1060 3952 1284 4012 interest
1325 3953 1470 4010 cives

165 4025 302 4085 facile
323 4038 558 4103 agentes,
581 4038 637 4088 et
660 4041 874 4104 pacatos
910 4031 1124 4088 habere.
1163 4034 1222 4106 S.
1257 4035 1350 4090 sed
1373 4033 1469 4088 hoc

163 4115 388 4177 empore.
411 4109 546 4168 Ine&-
566 4111 630 4168 de
645 4111 731 4166 bis
753 4114 994 4181 querunt
1019 4112 1119 4176 mi,
1143 4113 1230 4169 vel
1255 4113 1330 4169 al.
1345 4116 1466 4184 jur.

167 4186 246 4238 sed
289 4187 384 4244 hoc
427 4205 519 4261 per
559 4189 910 4248 intermedias
946 4205 1198 4259 personas
1232 4190 1470 4262 singulo-

165 4276 278 4320 rum
308 4268 522 4333 civium,
548 4267 752 4341 quihus
789 4269 964 4342 primo
989 4269 1321 4329 consulitur.

223 4476 293 4552 (¹)
322 4476 470 4556 lta-et
497 4479 612 4531 zas.
650 4481 728 4533 ad
764 4484 827 4533 L.
873 4497 936 4558 .¹'.
965 4479 1014 4550 ς.
1046 4497 1097 4533 2.
1131 4482 1202 4558 (ζα
1227 4487 1281 4536 I.
1317 4485 1458 4560 ‘ts'

173 4557 224 4585 a.
254 4553 296 4589 :,.
328 4541 588 4596 Privatum
623 4555 796 4597 nutem
831 4547 1030 4599 dicitur
1065 4557 1275 4599 retrone
1315 4548 1464 4614 obje-

171 4603 417 4674 cti,quod
469 4610 528 4660 in
579 4612 852 4664 bominum
915 4614 1238 4676 singulorum
1307 4615 1462 4662 rebus
1531 4617 1675 4686 just.
1724 4627 1777 4664 et
1813 4614 1941 4683 jur.
1986 4619 2052 4669 C.

169 4675 310 4778 :Itque
337 4673 478 4727 bonis
509 4687 814 4744 occupatum
848 4679 942 4753 sit,
977 4679 1134 4730 Vult.
1169 4680 1248 4732 ad
1284 4677 1334 4796 f.
1359 4681 1464 4755 ulf-

215 4753 242 4780 e
272 4741 310 4786 1.
337 4753 382 4792 et
414 4747 457 4795 1.
495 4765 552 4795 n.
589 4759 606 4794 ι
627 4763 666 4794 ι.
703 4755 756 4795 et
791 4751 1004 4796 rationo
1037 4745 1181 4806 fluia,
1203 4745 1278 4797 uti
1313 4745 1464 4810 itatis

1555 810 1687 867 Tale
1714 817 1805 873 est,
1826 811 1969 883 quod
1990 824 2147 867 suum
2172 810 2353 867 m‘buit
2364 808 2726 879 simulant.

1549 890 1857 949 Musaeum
1878 906 2049 956 mant,
2074 890 2293 961 ejtuqns
2308 892 2537 947 rationes
2561 887 2765 945 Auctor
2786 904 2883 946 ex-

1624 970 1795 1039 ponit.
1832 969 2027 1025 1v.v.

1551 1223 1560 1260 η
1637 1202 1737 1261 m.
1775 1202 1864 1259 Ad
1903 1202 2237 1274 privatorum
2275 1200 2567 1275 utilitatem
2596 1208 2735 1259 recta
2765 1218 2903 1273 per-fr

1560 1282 1735 1341 tinere
1760 1281 1848 1353 jus
1878 1280 2203 1352 intelligitur
2221 1321 2236 1344 ,
2260 1281 2407 1351 quod
2432 1281 2673 1353 privatis,
2695 1289 2749 1337 et
2771 1281 2882 1337 sin-

1551 1361 1717 1433 gulis,
1738 1360 1889 1431 quod
1914 1376 2075 1416 suum
2098 1366 2207 1421 est,
2232 1358 2443 1417 tribuit.
2482 1360 2603 1427 Quo
2630 1360 2789 1417 modo
2824 1365 2879 1415 et

1553 1440 1642 1513 jus
1668 1438 1939 1511 privatum
1964 1437 2399 1495 commodissime
2424 1439 2767 1503 definiamus,
2792 1438 2883 1495 de-

1555 1516 1805 1575 linitione
1826 1532 1893 1571 ex
1917 1530 1997 1577 eo.
2018 1517 2167 1588 quod
2192 1518 2351 1573 cenis
2372 1517 2705 1588 quibusdam
2720 1532 2878 1573 suum

1557 1595 1788 1661 tribuit,
1829 1594 2008 1667 petita:
2038 1594 2118 1651 uti
2156 1602 2209 1651 et
2244 1595 2519 1667 superiora
2560 1612 2757 1667 genera
2792 1596 2883 1651 de-

1555 1674 1887 1745 scripsimus.
1927 1676 1999 1731 Et
2035 1681 2194 1731 recte.
2230 1672 2407 1731 Omne
2460 1676 2609 1731 enim
2644 1673 2734 1745 jus
2772 1674 2883 1729 fine

1563 1768 1742 1809 unum
1780 1758 1891 1817 est,
1930 1753 2039 1811 huc
2077 1758 2345 1824 spectans,
2399 1760 2461 1809 ut
2484 1770 2645 1811 suum
2683 1751 2880 1824 cuique

1553 1833 1845 1890 tribuatur.
1883 1832 2001 1888 Hoc
2044 1832 2221 1903 ipsum
2274 1848 2433 1887 suum
2477 1833 2743 1905 cujusque
2792 1847 2881 1887 va-

1554 1912 1720 1976 rium,
1743 1926 1807 1973 ac
1832 1910 2071 1982 personis
2086 1950 2101 1975 ,
2121 1926 2215 1965 seu
2242 1908 2419 1981 potius
2442 1929 2541 1985 pro
2566 1909 2881 1969 conditione

1549 1995 2203 2139 fflffizaffssfflsss
2218 1987 2879 2127 ‘itimagn‘ssfii'ioffli'fiss

1545 2156 1602 2203 'et
1643 2146 1788 2203 inter
1836 2145 2083 2203 homines
2132 2146 2286 2205 aliud
2338 2148 2651 2219 reipublicoe
2670 2188 2685 2213 ,
2724 2146 2878 2205 aliud

1551 2225 1905 2297 privatorum:
1930 2225 2077 2281 unde
2100 2222 2280 2281 omnis
2314 2226 2455 2296 juris
2484 2226 2774 2290 distinctio,
2816 2232 2877 2281 ut

1549 2304 1622 2361 sit
1649 2303 1803 2361 aliud
1834 2303 1925 2375 ius
1962 2304 2211 2361 divinum
2230 2342 2249 2368 ‚
2271 2304 2427 2362 aliud
2454 2306 2789 2363 humanum:
2827 2312 2880 2361 et

1552 2380 1785 2439 hnmani
1810 2382 2088 2454 quoddam
2128 2382 2439 2453 publicum.
2464 2384 2741 2457 quoddam
2770 2382 2880 2455 pri-

1548 2469 1753 2517 vatum.
1776 2463 1958 2532 Atque
1983 2461 2115 2520 hinc
2148 2460 2313 2517 etiam
2340 2464 2604 2536 cujusque
2628 2461 2879 2519 definitio

1549 2556 1614 2594 ex
1625 2536 2033 2616 eolducta,quod
2045 2540 2171 2612 cuiq
2177 2555 2244 2596 ue
2251 2541 2463 2607 tribuit,
2478 2540 2877 2599 accommodata

1549 2619 1622 2673 ad
1674 2619 1838 2676 finem
1882 2618 2133 2676 universo
2178 2619 2293 2691 juri
2345 2622 2697 2694 propositum.
2745 2622 2880 2690 Qute

1548 2697 1690 2754 ratio
1716 2696 2015 2754 definiendi
2058 2698 2118 2756 in
2152 2697 2277 2770 jure
2302 2700 2509 2771 privato
2538 2701 2877 2774 potissimum

1549 2775 1837 2834 retinenda
1862 2784 1959 2834 est.
1996 2777 2213 2848 Inque
2252 2773 2517 2850 praecipue
2554 2785 2775 2852 apparet
2812 2777 2881 2834 il·-

1545 2855 1665 2914 tud.
1700 2855 1850 2925 quod
1878 2855 2061 2912 Cicero
2102 2855 2162 2913 in
2190 2856 2513 2914 definitione
2538 2858 2684 2928 juris
2702 2858 2880 2916 civilis

1546 2932 1725 3006 posuit
1770 2931 1825 2990 in
1864 2935 2083 3003 Τφίσίε,
2132 2933 2373 3004 positum
2404 2937 2459 2992 id
2494 2952 2603 2992 esse
2628 2937 2881 3008 privatis,

1548 3009 1646 3083 qui
1674 3018 1801 3068 sunt
1824 3013 2063 3084 ejusdem
2100 3011 2365 3072 civitatis.
2388 3014 2458 3069 ad
2487 3029 2573 3072 res
2596 3030 2719 3070 suas
2740 3015 2878 3072 obti-

1549 3090 1783 3154 nendas,
1824 3099 1885 3149 ut
1926 3091 2093 3147 nostri
2132 3090 2405 3158 dicerent,
2444 3092 2514 3148 ad
2548 3108 2711 3150 suum
2735 3093 2877 3152 obti-

1555 3169 1819 3226 nendum.

1631 3247 1731 3304 lv.
1783 3248 2123 3320 Quapropter
2146 3287 2162 3312 ,
2212 3245 2259 3304 si
2308 3247 2377 3304 de
2430 3265 2493 3304 eo
2542 3249 2668 3320 jure
2708 3257 2879 3317 recte,

1553 3333 1608 3382 et
1643 3325 1715 3382 ad
1742 3325 1890 3386 bunc
1914 3327 2077 3382 tinem
2106 3327 2503 3382 accommodate
2526 3327 2705 3384 dicere
2729 3329 2883 3386 volu-

1555 3421 1696 3460 mus:
1721 3405 1791 3460 ad
1820 3405 1921 3460 boc
1960 3411 2129 3474 genus
2154 3403 2491 3475 potissimum
2517 3407 2780 3478 pertinet,
2816 3415 2880 3464 ut

1559 3481 1707 3538 viam
1731 3483 2001 3539 tractandi
2028 3499 2057 3537 a
2086 3480 2245 3540 nobis
2266 3499 2425 3554 supra
2459 3484 2618 3542 initio
2636 3487 2881 3557 positam,

1557 3561 1616 3616 in
1643 3577 1709 3617 eo
1734 3561 1995 3620 tradendo
2020 3567 2325 3626 teneamus,
2366 3563 2603 3634 primum
2633 3574 2695 3624 ut
2736 3565 2882 3622 dica-

1556 3656 1713 3704 mus,
1740 3641 1887 3712 quod
1926 3640 1997 3698 sit
2022 3640 2162 3698 illud
2206 3655 2363 3695 suum
2404 3643 2695 3716 cuiusque,
2729 3645 2880 3716 quod

1551 3717 1793 3774 obtineri
1819 3721 2086 3783 volumus,
2108 3735 2223 3792 quo
2250 3729 2303 3773 et
2328 3725 2468 3778 recte
2492 3728 2738 3792 petamus
2776 3721 2881 3794 ipsi

1551 3797 1624 3860 ab
1649 3796 1793 3862 aliis,
1820 3795 1969 3869 quod
1998 3807 2243 3857 nostrum
2269 3803 2361 3864 est:
2384 3810 2439 3856 et
2460 3801 2609 3870 quod
2637 3803 2879 3859 aliorum

1552 3886 1632 3932 est
1647 3916 1662 3940 ‚
1689 3875 1777 3932 his
1800 3885 2005 3947 sponte,
2028 3882 2081 3934 et
2102 3877 2221 3934 sine
2248 3869 2437 3932 fraude
2460 3887 2641 3934 nostra
2670 3880 2883 3936 tribua-

1547 3971 1683 4010 mus:
1710 3961 1847 4020 tum,
1866 3955 1911 4012 si
1938 3956 2075 4014 forte
2100 3955 2359 4026 cuiquam
2386 3974 2418 4013 a
2444 3956 2751 4014 &olentibus
2763 3975 2877 4016 non

1546 4032 1820 4090 tribuitur
1846 4034 2125 4092 videamus
2142 4075 2157 4094 ,
2180 4049 2303 4105 quae
2328 4033 2399 4090 sit
2439 4034 2575 4091 ratio
2600 4034 2765 4092 etiarn
2802 4037 2881 4094 ab

1545 4111 1733 4168 invitis
1758 4111 2063 4170 obtinendi.
2094 4113 2199 4168 Tot
2222 4110 2371 4166 enim
2398 4114 2561 4168 rebus
2599 4114 2671 4170 ad
2708 4114 2877 4172 tinem

1543 4190 1874 4261 superiorem
1897 4191 2039 4262 juris
2064 4187 2401 4263 pervenitur:
2440 4191 2559 4246 ideo
2584 4201 2649 4248 -et
2694 4195 2771 4248 tot
2796 4210 2881 4249 re-

1547 4269 1652 4326 bus
1673 4269 1837 4341 hujus
1863 4269 2035 4341 ipsius
2068 4267 2207 4343 juris
2230 4269 2487 4337 cognitio,
2520 4276 2683 4343 atque
2706 4272 2879 4344 expli-

1541 4480 1766 4548 privatoe
1788 4517 1805 4542 ,
1838 4497 1953 4550 quae
2000 4500 2029 4532 a
2066 4483 2275 4550 publica
2320 4482 2395 4534 sic
2439 4482 2621 4534 differt
2646 4521 2663 4545 ,
2698 4491 2757 4534 ut
2792 4499 2877 4536 res

1539 4547 1865 4614 singulorum
1900 4565 1927 4596 a
1962 4549 2118 4599 rebus
2152 4549 2545 4601 universitatis.
2604 4547 2767 4601 Dour.
2806 4552 2874 4604 de

2098 4613 2151 4680 4.
2191 4611 2254 4665 Si
2304 4615 2446 4665 enim
2498 4616 2875 4670 auctoritatem

1539 4686 1759 4744 spectes:
1791 4691 1847 4732 et
1872 4679 1973 4731 boc
2004 4679 2272 4747 publicum
2297 4679 2404 4732 dici
2435 4689 2632 4749 potest.
2660 4681 2873 4736 confer.

1545 4751 1669 4798 Not·
1706 4760 1756 4794 2·
1794 4747 1873 4799 ad
1910 4750 1974 4800 C·
2008 4751 2074 4800 V·
2098 4747 2265 4822 hujtts
2300 4749 2417 4800 1,ιὸ.
