3327 5214
441 124 552 186 tas

1249 116 1587 213 nueoms·
1607 117 1921 182 nonem
1962 118 2359 186 munem..
2488 75 2493 83 ’
3022 119 3115 204 iss

440 235 554 290 ium
585 229 938 289 demonstrari
969 229 1366 300 intelligamus,
1391 230 1492 300 qui
1531 245 1597 284 ex
1624 228 1758 284 duo—
1834 235 1927 286 est.
1983 227 2084 286 Ius
2120 227 2195 285 ita
2234 237 2329 284 est.
2368 223 2507 284 Cum
2558 223 2683 300 quis
2734 223 2973 293 decessit,
3026 245 3119 288 tino

440 314 542 369 bus
583 310 894 368 nominatus
917 319 1049 372 erat.
1073 307 1204 380 quia
1231 305 1602 378 interpretatio
1627 306 1759 362 vitio

1835 307 1951 364 mio
1987 307 2295 378 superstite,
2332 314 2385 363 et
2436 306 2624 364 relicta
2666 321 2830 361 uxore
2864 321 3119 378 pungnan-

439 395 605 456 earet,
623 390 776 460 juxta
807 389 867 444 L.
890 392 950 442 in
977 387 1248 456 ambigua,
1275 385 1343 442 D.
1367 384 1430 441 ds
1457 383 1759 456 lsqibAEffiu-
1834 391 1903 448 te,
1942 385 2045 441 boc
2082 384 2346 441 tribuitur
2384 383 2593 445 ventri.
2627 399 2721 440 seu
2759 383 2811 440 ei
2846 384 2939 456 qui
2974 382 3029 441 in
3067 403 3122 442 u-

440 470 589 525 sdem
617 465 827 536 generis
862 467 930 522 sit
981 465 1078 520 hoc.
1117 465 1443 535 exemplum,
1465 463 1616 534 quod
1643 475 1763 532 pro-

442 547 666 618 ponitur
693 561 724 598 a
750 543 1094 611 Quintiliano
1117 543 1229 598 Lib.
1253 541 1310 594 7.
1337 542 1468 610 Cap.
1492 541 1548 596 7.
1575 541 1643 596 de
1657 549 1763 598 stn-

443 633 504 678 tu
545 640 608 679 ex
649 623 860 693 scripto,
899 629 952 678 et
978 622 1279 682 voiuntate,
1311 621 1414 674 Lex
1439 627 1546 675 est:
1589 617 1767 676 Nasus

440 719 512 758 esi·
537 703 803 756 meretrice
844 685 927 756 ad
951 700 1172 754 honores
1188 738 1202 762 ,
1225 699 1510 768 dignitates
1526 737 1540 761 ,
1560 699 1761 773 profes-

443 783 676 834 sionesve
713 778 860 834 ullas
887 777 1135 848 publicas
1174 791 1239 832 ne
1269 777 1614 838 medemur,-
1637 791 1762 847 qum

445 859 530 913 lex
573 854 768 926 passim
809 863 1101 926 usurpatur
1141 855 1198 911 in
1241 853 1551 910 Germania.
1589 854 1763 909 Natus

439 943 517 990 est
543 929 742 1004 aliquis
773 949 838 988 ex
878 932 1120 1002 legitimo
1160 930 1538 994 matrimonio,
1565 930 1765 986 deinde

442 1021 618 1068 mater
653 1011 773 1082 ejus
811 1011 972 1082 coepit
1007 1027 1118 1066 esse
1151 1010 1422 1068 meretrix.
1461 1010 1550 1065 An
1577 1023 1766 1065 seeun-

442 1092 576 1146 dum
617 1089 792 1160 legem
835 1105 950 1145 non
991 1089 1060 1144 ad
1103 1089 1274 1143 ullam
1315 1087 1630 1160 dignitatem
1674 1086 1769 1144 ad·

443 1167 770 1223 mittendus?
799 1167 939 1224 Nam
965 1178 1018 1224 et
1043 1165 1088 1224 is
1113 1174 1274 1222 natus
1297 1173 1374 1222 est
1411 1181 1476 1222 ex
1516 1164 1620 1220 hac.
1647 1180 1768 1221 mu-

443 1246 592 1309 liere,
627 1254 683 1301 et
721 1246 837 1302 haec
876 1247 1077 1302 mulier
1101 1255 1178 1305 est
1203 1244 1474 1301 meretrix.
1515 1243 1767 1299 Nascitur

443 1323 668 1394 quoestio
707 1340 774 1378 ex
797 1333 1066 1380 structura
1107 1322 1388 1386 orationis,
1425 1323 1562 1377 dum
1588 1319 1765 1378 ambi-

443 1401 596 1472 gitur
623 1442 638 1465 ,
674 1403 994 1459 meretricem
1020 1403 1090 1457 ad
1131 1402 1274 1472 quod
1317 1410 1524 1471 tempus
1561 1399 1765 1456 referre

443 1480 753 1544 debeamus,
794 1486 976 1536 utrum
1003 1481 1069 1534 ad
1101 1479 1156 1535 id
1173 1521 1189 1544 ‚
1227 1495 1338 1551 quo
1364 1477 1512 1534 tilius
1551 1477 1642 1534 hie
1668 1494 1765 1534 na-

447 1566 533 1612 tus
571 1565 672 1620 est,
724 1574 836 1629 quo
872 1567 1110 1630 tempore
1149 1568 1322 1614 mater
1357 1555 1613 1612 meretrix
1650 1571 1762 1612 non

445 1635 562 1690 suit:
589 1653 658 1691 an
687 1637 756 1692 ad
776 1652 1022 1708 praesens
1045 1651 1158 1708 quo
1182 1635 1272 1692 hic
1297 1634 1446 1690 filius
1460 1641 1765 1690 removetur

443 1729 474 1767 a
505 1713 739 1784 publicis
778 1715 1165 1776 functionibus,
1188 1729 1298 1785 quo
1329 1721 1563 1784 tempore
1589 1721 1765 1769 mater

441 1800 518 1848 est
544 1793 816 1848 meretrix.
846 1793 1310 1864 Respondebimus
1333 1806 1396 1845 ex
1433 1789 1622 1846 eadem
1663 1791 1761 1848 itta

443 1872 652 1939 regula,
691 1886 802 1941 qua
831 1870 978 1941 prius
1015 1870 1074 1927 in
1101 1868 1454 1940 ambiguitate
1477 1869 1769 1924 verborum

445 1948 530 2003 usi
559 1963 760 2010 sumus,
784 1949 830 2004 si
857 1948 1000 2004 nihil
1025 1948 1175 2004 atiud
1203 1954 1344 2004 certa
1365 1945 1769 2012 consuetudine,

446 2035 542 2081 aut
559 2025 831 2096 prioribus
844 2026 1055 2097 legibus
1067 2026 1135 2082 de
1161 2025 1262 2081 hoc
1289 2025 1450 2082 verbo
1475 2025 1765 2082 definitum

443 2111 550 2158 est:
593 2103 964 2173 benigniorem
1007 2103 1497 2176 interpretationem
1533 2118 1764 2174 sequeu-

444 2183 602 2246 dam,
639 2189 690 2237 et
714 2181 836 2238 ideo
861 2182 918 2239 in
947 2183 1065 2253 lege
1103 2182 1478 2254 accipiendum
1511 2197 1637 2238 eum
1678 2197 1763 2238 so-

447 2260 562 2314 lum
578 2301 592 2320 ,
616 2261 712 2331 qui
731 2272 889 2317 natus
899 2271 1050 2316 estex
1077 2261 1370 2323 meretrice,
1387 2259 1442 2316 id
1457 2267 1622 2323 estes,
1637 2274 1761 2332 quai

445 2345 562 2393 tum
595 2339 848 2394 meretrix
881 2338 1152 2402 suit‚cu1n
1168 2345 1448 2402 natusest,
1486 2337 1687 2394 scilicet
1702 2347 1764 2394 ut

447 2416 502 2469 in
546 2417 872 2482 commodis,
912 2431 1036 2488 quoe
1089 2433 1156 2474 ex
1204 2417 1390 2489 aliquo
1443 2424 1599 2474 oertae
1637 2433 1763 2472 eon-

445 2493 670 2550 ditionis
708 2495 850 2551 natis
889 2495 1238 2560 tribuuntur,
1273 2503 1429 2552 natos
1461 2511 1527 2551 ex
1561 2494 1658 2551 ino
1686 2494 1767 2552 in-

447 2571 759 2643 telligamus
782 2573 945 2629 etiam
973 2589 1075 2640 eos,
1113 2575 1212 2648 qui
1251 2574 1368 2631 nati
1405 2582 1534 2631 sunt
1571 2589 1635 2630 ex
1672 2589 1766 2641 eo,

448 2650 550 2719 qni
593 2662 766 2721 postea
807 2669 869 2708 ea
908 2654 1216 2710 conditione
1267 2668 1375 2710 me
1409 2650 1596 2723 eoepit‚
1631 2654 1763 2725 quia

448 2729 769 2797 benignum,
797 2742 854 2787 et
879 2730 1186 2788 humanum
1227 2739 1332 2789 est:
1370 2732 1424 2788 d.
1452 2732 1513 2787 Ι..
1541 2732 1596 2787 2.
1621 2732 1683 2804 S.
1712 2731 1761 2787 i.

447 2808 516 2862 D.
543 2809 606 2863 de
631 2810 806 2865 det-ur.
847 2810 903 2865 in
945 2812 1118 2881 poenis
1155 2817 1351 2876 autem,
1389 2816 1440 2866 et
1471 2810 1764 2866 incommo-

447 2885 530 2941 dis
564 2926 577 2947 .
628 2902 749 2957 quae
811 2896 1125 2945 statuuntur
1184 2890 1436 2946 adversus
1489 2888 1586 2944 hos
1626 2888 1765 2960 ipsos

447 2971 603 3019 natos
640 2982 704 3021 cx
743 2974 901 3024 certae
939 2968 1265 3024 conditionis
1302 2974 1482 3041 patre,
1517 2978 1614 3022 aut
1651 2983 1765 3023 ma-

447 3049 528 3097 trc
587 3044 916 3115 accipiamus
953 3062 1040 3102 eos
1065 3086 1079 3107 .
1131 3046 1228 3117 qui
1269 3056 1402 3103 tunc
1453 3045 1568 3103 nati
1605 3056 1765 3107 sunt.

445 3136 572 3177 cum
602 3130 754 3193 pater
791 3128 845 3180 et
869 3134 1041 3180 mater
1065 3126 1180 3198 ejus
1215 3123 1540 3181 conditionis
1565 3132 1766 3188 essent,

445 3200 707 3267 quoniam
751 3210 805 3259 et
843 3203 945 3259 hoc
985 3204 1317 3275 benignum,
1353 3210 1407 3259 et
1445 3202 1767 3259 humanum.

450 3276 644 3347 Neque
701 3280 812 3338 hoec
861 3282 1132 3338 contraria
1185 3298 1295 3338 esse
1330 3282 1455 3353 quis
1501 3280 1770 3337 existima-

449 3356 610 3410 verit.
636 3358 760 3413 Alia
788 3360 934 3415 enim
977 3376 1160 3416 caussa
1199 3369 1276 3417 est
1313 3358 1594 3423 beneficii,
1618 3360 1767 3432 quod

448 3432 686 3503 benigne
714 3437 1004 3507 accipitur:
1045 3439 1150 3495 alia
1177 3454 1490 3510 poenarum,
1527 3454 1649 3509 quae
1688 3440 1770 3494 in·

449 3514 834 3582 terpretatiqne
871 3531 978 3571 non
1005 3526 1132 3573 sunt
1165 3516 1482 3587 adjuvandae
1500 3556 1514 3578 ,
1538 3516 1669 3588 quia
1694 3522 1771 3572 est

448 3598 634 3645 eontra
695 3590 1100 3663 benignitatem.
1142 3595 1202 3650 L.
1237 3611 1356 3649 cum
1408 3596 1659 3666 quidam,
1699 3595 1769 3650 D.

454 3668 520 3722 de
561 3669 652 3724 lib.
678 3677 728 3723 et
747 3679 877 3739 pose.
910 3672 970 3727 L.
991 3690 1111 3741 pen.
1138 3672 1205 3727 D.
1231 3672 1296 3728 de
1315 3688 1458 3741 ρων.

530 3746 683 3802 xm.
722 3748 806 3803 Ex
855 3749 1236 3806 incertitudine
1284 3761 1494 3806 natura)
1532 3750 1771 3805 obscuri-

448 3831 530 3879 tas
569 3825 824 3903 orationis
866 3828 1104 3885 nascitur
1143 3830 1200 3884 in
1239 3844 1302 3883 eo
1336 3828 1488 3899 jure,
1515 3830 1661 3899 quod
1702 3831 1770 3885 de

448 3903 764 3973 posthumo,
802 3906 904 3977 qui
943 3906 1002 3961 in
1043 3916 1227 3963 ventre
1265 3918 1373 3971 oet,
1419 3906 1767 3965 constitutum

446 4050 620 4095 autem
654 4042 878 4109 dieitur,
909 4046 1050 4114 quod
1095 4044 1192 4098 uni
1222 4046 1410 4108 datur,
1460 4043 1614 4096 alteri
1647 4046 1762 4096 adi-

445 4110 629 4159 mitur.
667 4109 717 4181 ς.
757 4127 803 4161 1.
856 4116 1001 4165 Ins-t·
1044 4113 1113 4165 de
1148 4112 1319 4165 adim.
1367 4114 1543 4181 legat.
1595 4114 1759 4163 Rubra

447 4176 523 4225 D.
557 4176 625 4225 de
662 4178 1013 4240 adimendis,
1045 4181 1128 4230 vel
1163 4174 1436 4246 transfer.
1483 4180 1656 4245 legat.
1698 4180 1761 4229 L.

449 4238 498 4288 5.
533 4240 655 4312 eod.
706 4246 797 4294 tit.
833 4244 892 4293 L.
934 4259 981 4293 1.
1028 4248 1092 4297 C.
1125 4244 1194 4295 de
1233 4248 1295 4295 in
1341 4244 1432 4293 lit.
1457 4244 1585 4313 jur.
1641 4238 1765 4311 Quo

445 4304 652 4356 faciunt
708 4306 804 4357 iila
839 4304 1050 4359 Senecae
1105 4306 1278 4376 Epist.
1339 4306 1420 4371 14.
1477 4310 1762 4362 Interdum

451 4377 676 4437 voptdus
705 4386 806 4449 est,
840 4392 992 4443 quem
1027 4378 1214 4427 timere
1249 4374 1533 4426 debeamus
1565 4375 1589 4443 (
1605 4373 1763 4423 habes

449 4435 820 4487 democratiam
840 4445 874 4503 ):
911 4442 1210 4502 inter-dnm,
1233 4445 1283 4492 si
1311 4460 1376 4492 ea
1410 4443 1652 4493 civitatis
1675 4440 1765 4491 di-

447 4503 683 4573 sciplina
707 4517 806 4566 est,
841 4518 900 4555 uc
923 4509 1166 4575 plurima
1199 4526 1297 4574 pet·
1323 4512 1579 4560 Senatum
1603 4518 1765 4555 tran-

445 4568 730 4630 siguntur,
765 4574 1003 4632 gratiosi
1027 4576 1328 4624 timeantur·
1351 4575 1410 4622 in
1447 4590 1508 4623 eo
1543 4572 1654 4623 uiri
1672 4572 1763 4637 (en

447 4636 644 4679 statum
677 4630 990 4695 optimatum
1013 4636 1046 4703 ):
1079 4636 1352 4687 interdum
1387 4638 1620 4705 singuli,
1643 4640 1764 4701 qui-

451 4694 544 4744 bus
565 4701 792 4759 potestas
825 4698 1026 4762 popuii,
1047 4708 1100 4750 et
1131 4698 1189 4749 in
1215 4701 1464 4765 populum
1487 4701 1648 4753 data.
1663 4700 1767 4752 Al-

1840 471 1952 520 tero
1988 471 2098 528 est,
2134 471 2195 518 ut
2234 462 2279 519 is
2316 471 2523 534 partem
2542 511 2545 515 .
2562 462 2725 520 faeiat
2776 460 2927 518 fratri
2962 477 3122 535 mper-

1839 541 1951 598 stiti
1990 557 2101 598 non
2137 555 2311 604 secus,
2358 555 2525 612 quam
2573 540 2617 597 si
2658 540 2718 596 in
2758 541 2915 596 rebus
2948 540 3121 597 hunia-

1840 619 1928 677 nis
1962 629 2111 676 esset.
2147 619 2277 676 Ideo
2314 620 2490 690 placet
2504 659 2521 684 ,
2557 617 2781 674 fratrem
2818 618 3122 689 superstitem

1838 713 1950 755 non
2000 697 2201 754 habere
2214 738 2231 761 ,
2266 695 2377 752 nisi
2416 705 2623 768 partem
2670 695 3013 753 hereditatis:
3046 698 3124 754 de-

1842 776 2037 833 bitores
2089 773 2455 833 haereditarios
2500 774 2789 831 convenire
2840 789 2947 830 non
2996 790 3124 846 posse

1838 854 1945 913 nisi
1982 869 2082 926 pro
2134 863 2287 926 parte
2322 852 2688 910 hereditaria:
2730 867 2762 908 a
2800 851 3125 909 creditoribus

1838 930 2211 998 hereditariis,
2249 930 2357 989 nisi
2382 947 2482 1004 pro
2506 937 2657 1004 parte
2673 972 2687 995 ‚
2724 930 2995 988 conveniri
3029 947 3125 988 non

1841 1027 2004 1083 posse.
2044 1010 2107 1068 I..
2146 1011 2239 1070 sed
2274 1013 2762 1075 etsie-estimatur,
2794 1009 2855 1083 S.
2886 1011 3047 1066 ultim.
3070 1009 3127 1064 B.

1841 1091 1905 1147 de
1946 1089 2119 1166 judie.
2159 1089 2223 1146 L.
2260 1091 2485 1161 mord.
2524 1087 2593 1144 D.
2640 1090 2688 1144 si
2717 1103 2853 1158 pars
2904 1085 3128 1156 benus.

1844 1169 1955 1224 Lex
1992 1167 2061 1224 de
2106 1175 2259 1240 parte
2305 1167 2447 1224 nihil
2498 1165 2711 1238 adjecit.
2746 1166 3011 1233 Quaeritur
3057 1181 3126 1219 er-

1842 1262 1927 1317 go,
1962 1245 2211 1319 quandiu
2250 1246 2573 1317 posthumus
2618 1243 2676 1300 in
2722 1253 2871 1300 utero
2896 1251 2995 1307 est,
3014 1259 3130 1312 quo-

1838 1333 1951 1382 tam
2000 1333 2209 1396 partem
2248 1323 2573 1381 haereditatis
2608 1321 2727 1378 tilio
2762 1321 3023 1396 superstiti
3060 1329 3126 1376 at-

1840 1403 2161 1462 tribuamus.
2222 1401 2431 1459 Pendet
2482 1401 2587 1457 hoc
2650 1416 2718 1460 ex
2782 1415 3003 1456 numero
3056 1415 3129 1454 eo-

1840 1497 1998 1544 rum,
2035 1480 2134 1552 qui
2188 1481 2247 1538 in
2298 1487 2451 1538 utero
2498 1488 2677 1536 erunt.
2728 1479 2871 1536 Nam
2926 1477 2971 1534 si
3006 1493 3129 1535 nnus

1840 1569 1917 1616 est
1954 1561 2015 1616 in
2052 1565 2208 1618 utero
2226 1600 2242 1623 ‚
2294 1559 2461 1616 frater
2497 1564 2763 1627 superstes
2816 1556 3028 1613 habebit
3060 1555 3129 1610 di-

1841 1637 2110 1694 midiam:
2158 1637 2205 1694 si
2252 1638 2391 1702 duo,
2428 1635 2675 1693 tertiam:
2724 1634 2773 1692 si
2812 1645 2956 1704 tres,
2986 1649 3129 1704 quar-

1840 1724 1952 1772 tam
1980 1755 1995 1778 ,
2030 1723 2085 1772 et
2122 1716 2197 1773 ita
2234 1713 2489 1787 deinceps
2512 1755 2529 1779 ,
2578 1721 2642 1768 ut
2676 1729 2780 1786 pro
2816 1727 3031 1770 numero
3073 1709 3131 1766 ii·

1840 1794 2093 1852 berorum
2144 1800 2321 1866 partes
2370 1793 2523 1850 fiant.
2574 1793 2679 1856 At,
2748 1801 2883 1865 quot
2931 1791 3034 1846 sint
3076 1789 3125 1844 in

1846 1883 2013 1936 utero,
2049 1871 2271 1930 interim
2306 1872 2577 1929 incertum
2616 1879 2697 1927 est
2710 1911 2727 1934 ,
2774 1885 2885 1926 non
2922 1885 3013 1942 per
3058 1883 3129 1922 re-

1844 1965 1971 2006 rum
2008 1953 2261 2007 naturam
2276 1989 2293 2016 ,
2330 1965 2452 2022 quae
2488 1947 2664 2013 novit,
2704 1957 2839 2024 quot
2874 1949 3015 2004 sint:
3048 1945 3130 2002 sed

1842 2029 1988 2099 apud
2024 2043 2154 2094 nos,
2190 2035 2245 2086 et
2282 2027 2508 2101 quidem
2546 2033 2747 2084 natura
2786 2027 2899 2100 ipsa
2946 2024 3003 2094 id
3030 2023 3129 2081 efli-

1839 2107 2012 2165 eiente
2036 2148 2052 2173 ,
2090 2122 2211 2178 quie
2248 2106 2366 2164 baec
2414 2121 2447 2162 a
2494 2101 2803 2176 cognitione
2850 2115 3025 2161 nostra
3058 2117 3128 2158 re—

1840 2185 2022 2243 movit.
2072 2185 2126 2241 d.
2164 2177 2227 2243 I..
2278 2185 2369 2242 sed
2416 2187 2511 2241 etei
2561 2188 2906 2247 restituatur,
2958 2182 3129 2254 §.ult-

1838 2263 1901 2319 ἀι
1929 2265 2053 2335 jud.
2094 2264 2285 2336 ltaque
2337 2279 2423 2320 res
2460 2263 2569 2319 huc
2609 2262 2781 2327 redit,
2822 2271 2883 2318 ut
2930 2259 2995 2316 ad
3030 2274 3129 2314 cer-

1839 2349 1949 2398 tam
1989 2348 2195 2414 partem
2233 2341 2503 2414 superstiti
2556 2338 2951 2412 adsignandam
2998 2336 3131 2410 prius

1838 2429 2152 2485 statuamus,
2187 2428 2321 2494 quot
2360 2421 2419 2476 in
2462 2427 2614 2476 utero
2651 2435 2765 2476 esse
2802 2417 3034 2474 velimus.
3068 2415 3129 2470 At

1840 2503 1893 2554 ct
1947 2497 2047 2553 boc
2098 2497 2275 2570 ipsum
2328 2513 2455 2554 cum
2504 2515 2571 2554 ex
2616 2505 2851 2560 natura,
2900 2512 3004 2552 non
3054 2509 3130 2547 vo-

1843 2575 2051 2634 luntate
2102 2587 2282 2634 nostra
2346 2576 2574 2649 pendeat
2600 2614 2617 2641 ,
2666 2591 2825 2648 atque
2890 2573 3127 2631 incertum

1842 2662 1933 2711 est.
1980 2658 2218 2729 Apparet
2264 2654 2385 2721 hic,
2432 2654 2817 2723 obscuritatem
2862 2653 2990 2725 legis
3034 2664 3129 2707 non

1840 2732 1987 2790 nasci
2022 2750 2088 2791 ex
2128 2732 2484 2807 ambiguitate
2516 2734 2809 2789 verborum
2838 2774 2853 2797 ,
2882 2738 2977 2787 'aut
3009 2740 3131 2787 stru·

1840 2821 1992 2868 ctura
2028 2811 2302 2879 orationis,
2324 2826 2559 2884 quorum
2600 2818 2896 2883 utrumque
2920 2810 3003 2866 hic
3032 2824 3131 2863 cer-

1840 2896 1957 2947 tum
1994 2896 2089 2946 est:
2126 2892 2217 2947 sed
2254 2908 2321 2947 ex
2358 2906 2439 2955 eo,
2460 2888 2609 2961 quod
2646 2897 2851 2945 natura
2884 2888 3129 2944 incertum

1839 2977 1942 3036 est,
1978 2975 2111 3041 quot
2134 2969 2243 3026 sint
2276 2968 2337 3026 in
2376 2975 2530 3025 utero
2550 3009 2567 3035 ,
2601 2974 2655 3023 et
2676 2977 2816 3040 quot
2852 2965 2995 3023 nasci
3030 2978 3130 3037 pos-

1840 3055 1984 3106 sunt.
2838 3094 2842 3099 .

1922 3126 2071 3181 XIV.
2108 3124 2256 3193 Quid
2294 3125 2353 3182 in
2392 3123 2498 3181 hac
2534 3122 2917 3181 incertitudine
2948 3126 3132 3177 nature

1822 3205 2157 3275 ‘interpretes
2202 3203 2365 3263 etiam
2416 3202 2825 3275 prudentissimi
2876 3196 3132 3257 facerent?

1847 3282 1970 3339 Non
1993 3282 2208 3340 videtur
2244 3282 2420 3356 prima
2446 3281 2624 3337 fronte
2648 3296 2735 3339 res
2770 3275 3003 3353 expediri
3034 3290 3133 3349 pos-

1846 3376 1914 3415 se.
1955 3361 2075 3418 Non
2101 3362 2251 3419 enim
2292 3361 2533 3417 dicerent
2571 3358 2688 3422 ini,
2724 3364 2855 3432 quot
2891 3362 3051 3415 esseut
3082 3354 3129 3409 in

1851 3444 2014 3504 utero,
2052 3439 2183 3511 quia
2222 3441 2323 3497 hoc
2358 3437 2605 3496 divinare
2640 3454 2755 3505 non
2781 3442 3015 3509 possunt:
3049 3448 3133 3489 nec

1849 3534 2095 3595 rursumg,
2134 3524 2198 3575 ut
2220 3518 2463 3583 videtur,
2498 3522 2634 3588 quot
2656 3517 2807 3573 nasci
2832 3520 3033 3588 possent
3053 3526 3133 3583 per

1848 3611 2029 3652 rerum
2054 3603 2325 3662 naturam,
2346 3596 2479 3668 quia
2504 3601 2558 3651 et
2580 3596 2684 3653 hoc
2714 3595 2993 3657 incertum,
3018 3592 3132 3648 adeo

1846 3675 1914 3729 dc
1937 3692 1999 3731 eo
2024 3674 2174 3731 varia
2198 3676 2473 3733 memoriae
2512 3674 2724 3747 prodita
2751 3679 2903 3737 sunt,
2928 3678 2987 3727 ut
3006 3668 3133 3728 indi·

1846 3757 2002 3809 eatur
2040 3751 2097 3809 in
2124 3755 2178 3810 d.
2218 3754 2279 3812 L.
2314 3756 2543 3829 antiqui.
2582 3756 2627 3809 si
2658 3770 2796 3825 pars
2836 3752 3016 3808 hoerect.
3040 3750 3133 3819 pel·

1846 3840 1899 3885 et
1914 3832 2127 3888 videtur
2150 3833 2220 3887 ad
2246 3848 2362 3891 rem
2387 3830 2779 3905 expediendam
2796 3830 3001 3893 inutile,
3022 3840 3133 3884 cum

1848 3926 1955 3965 non
1994 3916 2287 3985 quaeratur,
2320 3918 2455 3983 quot
2480 3911 2626 3967 nasci
2654 3910 2886 3983 possint,
2908 3908 2993 3965 sed
3018 3908 3135 3976 (ιυοῑ

1842 4048 1982 4099 ludit.
2017 4057 2161 4099 certe
2218 4052 2283 4099 ad
2340 4068 2485 4102 suum
2522 4064 2691 4100 aevum
2716 4086 2731 4109 ,
2767 4066 2855 4099 seu
2904 4054 3091 4096 aetatem
3117 4076 3133 4101 ‚

1842 4130 1941 4178 qua
1976 4118 2127 4164 unius
2177 4116 2541 4165 dominatione
2586 4132 2667 4166 res
2701 4114 2929 4164 Romana
2970 4110 3133 4175 guber·

1842 4180 2085 4229 nabetur.
2124 4179 2277 4251 Quod
2328 4182 2370 4229 si
2425 4182 2591 4247 igitur
2624 4182 2869 4248 princeps
2900 4179 2955 4228 in
2992 4188 3135 4249 popu‘

1840 4244 1949 4293 lum
2020 4252 2301 4297 otestateru
2342 4254 2589 4299 exercet:
2634 4248 2763 4296 satis
2794 4244 3133 4295 convincitur,

1841 4326 1975 4376 popu
2004 4328 2090 4360 um
2144 4310 2283 4361 nihil
2334 4311 2625 4377 majestatis
2660 4309 2956 4371 retinuisse,
2982 4316 3129 4383 qum·

1841 4376 2127 4441 doquidem
2166 4392 2258 4441 par
2308 4374 2366 4423 in
2404 4392 2590 4453 parem
2634 4392 2741 4425 non
2790 4374 2944 4424 habet
2986 4384 3133 4435 impe·

1844 4442 2000 4489 rium.
2036 4438 2180 4510 Quin
2218 4446 2346 4497 irn0.
2378 4458 2421 4490 si
2460 4440 2759 4493 concessive
2794 4458 2818 4488 a
2856 4436 3131 4507 populoso-

1846 4513 2118 4570 gnosceret.
2165 4507 2447 4571 imperium
2484 4505 2763 4574 Princeps:
2808 4522 2921 4553 etim
2952 4518 3002 4549 sc
3033 4514 3131 4564 ipso

1846 4576 2163 4687 superlisorem
2214 4573 2450 4623 haberet..
2488 4570 2593 4625 Sed
2624 4574 2691 4622 de
2728 4571 2822 4621 hoc
2854 4569 2976 4618 alias
3010 4564 3133 4614 forte

1845 4640 1989 4703 pieni
2026 4652 2071 4685 s.

3268 1444 3293 1940 suriz...-

3266 2381 3293 2490 12:
3272 2227 3292 2345 o—w·
3268 2143 3293 2188 t:
3266 2065 3291 2106 fl·
3269 1977 3293 2030 ΔΞ-
