3327 5214
1211 78 1260 124 N

494 154 569 213 23
577 156 603 213 1.

493 272 547 317 et
605 263 794 315 natura
852 259 948 315 ista
1001 256 1448 329 distinguuntur:
1483 265 1536 313 ct
1585 264 1817 322 constat,

496 336 818 395 tractatione
839 352 949 395 esse
973 337 1226 393 distincta
1253 335 1311 390 in
1340 334 1652 400 pandectis,
1690 352 1817 391 cum

495 416 784 489 separatim
825 414 892 469 de
927 418 1050 487 jure
1091 416 1202 471 tisci
1221 455 1235 477 ‚
1260 418 1314 468 et
1349 413 1624 479 similibus
1658 414 1819 470 rebus

497 497 566 550 ad
607 494 998 565 rempublicam
1051 492 1442 565 pertinentibus
1483 492 1715 565 propriis
1752 490 1817 547 ti·-

497 572 628 629 tulis
669 576 885 627 auctum
925 571 1010 626 sit.

575 651 730 706 XIII.
773 652 876 706 Res
913 654 1042 705 sunt
1082 649 1415 723 hujusmodi.
1468 650 1612 706 Nam
1651 657 1714 706 ut
1754 648 1813 704 in

497 730 664 785 rebus
717 728 1049 801 privatorum
1079 768 1094 791 ‚
1131 730 1208 784 sic
1247 728 1308 783 in
1360 726 1446 783 his
1472 770 1486 793 ,
1534 744 1658 799 quoe
1696 732 1825 785 suut

495 806 750 870 civitatis-1,
782 806 1215 862 animadvertere
1245 820 1546 878 possumus,
1561 806 1704 861 hanc
1736 822 1827 861 va-

497 884 746 941 rietatem
761 902 892 949 essc‚
911 889 972 938 ut
985 886 1238 956 quiedam
1257 884 1486 957 propriae
1511 884 1620 940 sint
1633 883 1822 941 civita-

495 963 584 1027 tis,
608 964 860 1035 quaedam
876 962 1086 1019 civitati
1105 964 1422 1019 debeantur:
1437 962 1594 1034 cujus
1611 962 1822 1035 generis

499 1058 582 1099 res
614 1052 668 1097 ct
707 1040 762 1097 in
797 1040 1016 1112 privato
1039 1042 1162 1113 jure
1187 1047 1397 1099 nostras
1434 1058 1545 1097 esse
1571 1040 1823 1098 dicimus.

577 1120 730 1176 xlv.
769 1118 1016 1176 Civitatis
1053 1137 1138 1175 res
1163 1120 1376 1191 propria
1398 1160 1411 1182 ‚
1435 1134 1558 1191 quae
1582 1119 1825 1191 superio—

495 1199 547 1253 ri
593 1198 714 1254 usui
769 1198 995 1262 serviat,
1031 1204 1109 1254 est
1151 1198 1325 1254 fiscus.
1375 1199 1465 1255 Sic
1517 1199 1825 1269 appellatur

496 1276 725 1348 pecunia
789 1276 1006 1347 publica
1071 1282 1380 1347 oemparata
1445 1277 1513 1332 ad
1581 1276 1826 1347 publicos

495 1370 679 1411 casus:
723 1356 868 1410 unde
909 1357 976 1411 ad
1008 1356 1213 1411 bellum
1254 1356 1550 1427 gerendum
1577 1360 1827 1425 sumptus

489 1440 798 1504 suppetam:
837 1433 1279 1503 magistratibus,
1317 1438 1371 1489 et
1405 1432 1673 1489 ministris
1712 1450 1829 1489 ma-

495 1512 822 1581 gistratuum
863 1511 1136 1582 stipendia
1192 1514 1532 1583 pendantur:
1571 1512 1690 1567 loca
1732 1526 1827 1583 pu-

495 1590 640 1646 blica
681 1596 826 1647 sarta
867 1595 1002 1645 tecta
1045 1590 1376 1646 habeantur:
1417 1590 1604 1662 inopes
1641 1595 1698 1645 et
1720 1590 1824 1645 mi-

495 1668 602 1725 seri
646 1670 890 1725 alantur.
931 1668 1146 1725 Fiscum
1185 1669 1470 1740 publicum
1509 1684 1620 1725 esse
1659 1675 1715 1723 et
1750 1666 1829 1723 ci-

497 1747 725 1811 vitatis,
765 1748 848 1801 vel
905 1762 971 1801 ex
1025 1763 1088 1803 eo
1139 1746 1375 1818 intelligi
1429 1754 1640 1818 potest,
1678 1750 1827 1818 quod

495 1842 619 1897 quas
658 1825 985 1895 rediguntur
1040 1824 1098 1880 in
1151 1825 1342 1881 fiscum
1371 1866 1386 1891 ,
1424 1823 1731 1897 publicari,
1772 1825 1827 1881 id

495 1914 576 1959 est
627 1903 843 1975 publica
897 1900 1014 1958 lieri
1059 1902 1336 1959 dicuntur.
1377 1905 1436 1960 L.
1482 1902 1528 1957 1.
1575 1902 1634 1958 L.
1672 1903 1723 1957 3.
1770 1904 1825 1960 L.

501 1982 557 2038 5.
596 1981 660 2039 D.
699 1982 765 2037 dc
803 1982 919 2035 bon.
955 1981 1138 2037 damn.
1163 1982 1294 2037 Ideo
1329 1989 1384 2039 et
1407 1982 1550 2039 inter
1573 1980 1825 2053 publiea,

499 2071 560 2116 ut
585 2059 721 2126 dixi,
761 2060 976 2131 dejure
1015 2060 1128 2116 fisci
1155 2059 1354 2130 agitur.
1672 2061 1677 2065 ”

601 2137 726 2195 XV.
783 2138 1117 2209 Reipublicae
1183 2139 1452 2197 debentur
1517 2154 1548 2193 a
1613 2138 1829 2195 civibus

499 2218 653 2273 duo:
708 2232 871 2289 opera
899 2256 913 2279 ,
963 2223 1017 2273 et
1067 2217 1314 2287 pecunia.
1353 2218 1528 2289 Opera
1567 2216 1829 2288 reipubli-

497 2312 574 2350 cae
613 2295 798 2353 debita
841 2301 1082 2352 versatur
1123 2294 1182 2351 in
1212 2296 1508 2352 bonoribus
1545 2294 1827 2366 gerendis,

499 2384 554 2429 ct
607 2373 664 2429 in
725 2374 1046 2430 muneribus
1099 2372 1338 2443 publicis
1389 2374 1672 2430 obeundis.
1729 2373 1825 2429 Pe-

499 2451 664 2508 cunia
719 2450 930 2508 civitati
987 2452 1218 2507 debetur
1269 2468 1302 2506 a
1339 2451 1585 2517 civibus,
1623 2450 1825 2523 partim

501 2546 598 2603 pro
663 2529 840 2585 officio
893 2530 1007 2585 solo
1033 2570 1048 2591 .
1110 2531 1259 2600 quod
1325 2529 1514 2602 patriae
1583 2530 1827 2585 debetur:

499 2609 702 2682 partim
746 2611 896 2664 velut
933 2625 999 2663 ex
1046 2614 1342 2665 contractu.
1381 2609 1488 2666 Pro
1525 2607 1735 2672 officio,
1774 2617 1829 2664 et

500 2688 700 2760 pietate
755 2703 880 2758 erga
920 2685 1154 2758 patriam
1205 2687 1472 2744 debentur
1507 2687 1795 2759 vectigalia
1814 2730 1829 2754 ‚

500 2768 728 2832 tributa,
769 2772 822 2821 et
858 2765 920 2822 si·
944 2781 1068 2837 quae
1103 2771 1234 2823 sunt
1271 2766 1396 2822 aliae
1431 2766 1665 2836 publicas
1704 2783 1832 2838 pcn-

501 2845 794 2904 sitationcs.
832 2847 1000 2901 Velut
1050 2859 1115 2900 ex
1155 2851 1432 2901 contractu
1453 2883 1468 2909 ,
1505 2860 1678 2916 poenae
1714 2861 1831 2900 ma-

503 2923 827 2986 leficiorum,
851 2939 974 2995 quas
1001 2922 1072 2978 ad
1101 2923 1398 2980 vindictam
1427 2923 1679 2980 criminis
1702 2939 1830 2978 con·-

503 3005 702 3060 stitntae
741 3011 884 3058 sunt.
940 3001 1040 3056 Hae
1089 3001 1237 3058 enim
1294 3018 1402 3058 non
1442 2999 1697 3072 privatis,
1734 3003 1827 3058 scd

504 3083 818 3154 reipublicae
845 3081 1224 3146 exsolvuntur,
1251 3085 1512 3151 tanquam
1551 3095 1675 3151 quat
1701 3097 1829 3135 con-

507 3161 692 3218 tractis
731 3157 1017 3222 maleficiis
1053 3175 1180 3214 cum
1219 3157 1496 3231 republica
1547 3165 1833 3215 contractas

503 3240 628 3297 sint.
669 3240 808 3294 Nam
850 3245 904 3294 et
954 3236 1223 3293 maleficia
1269 3237 1512 3294 omitrahi
1549 3236 1829 3294 dicuntur.

508 3320 568 3374 L.
614 3319 663 3373 1.
705 3317 766 3373 D.
803 3321 868 3374 ds
907 3316 1066 3387 legib.

571 3468 650 3547 (5)
682 3467 803 3520 Non
829 3467 990 3534 igitur
1017 3468 1148 3520 mibi
1176 3469 1450 3534 persuadet
1473 3466 1623 3536 Scip.
1659 3470 1827 3521 Gent.

511 3553 600 3600 qut
635 3541 694 3586 in
735 3535 909 3603 Pras.
947 3535 1021 3584 ud
1063 3538 1268 3586 Lector.
1309 3537 1423 3586 Lib.
1463 3551 1541 3586 12.
1596 3552 1644 3586 et
1684 3557 1828 3610 seqq.

510 3604 702 3652 lew-nm
747 3605 945 3650 summ.
979 3599 1214 3668 piar-fixa
1255 3599 1443 3648 scribit
1469 3639 1484 3660 ,
1518 3603 1582 3650 de
1623 3603 1831 3666 publico

513 3668 624 3733 jure
659 3682 764 3714 non
815 3662 1107 3712 instituisse
1157 3681 1308 3726 agere
1347 3661 1650 3716 Douellum.
1690 3667 1830 3716 Con-

513 3731 734 3782 trarium
771 3729 912 3778 euim
959 3728 1125 3794 liquet
1171 3735 1279 3778 tum
1323 3745 1384 3777 ex
1411 3729 1508 3780 hoe
1545 3731 1682 3792 loen,
1720 3739 1830 3782 lum

401 3873 414 3886 ι
509 3809 575 3858 C·
617 3802 780 3856 VIII·
819 3799 984 3873 hujm
1012 3796 1126 3846 Lib·
1165 3798 1225 3845 in
1254 3795 1363 3864 fin·
1398 3795 1446 3846 3·
1471 3801 1670 3851 Cenem.
1697 3813 1744 3849 2.
1780 3813 1831 3864 9.

1307 150 1644 211 nunonis·
1668 152 1983 211 riom-:m
2024 150 2395 212 connum.
2470 214 2478 224 ,

3040 156 3129 215 m

1972 256 2127 314 xvi.
2172 260 2249 314 De
2290 258 2485 315 harum
2528 272 2709 315 rei-mn
2743 260 2857 330 J'ure
2880 260 2947 317 sic
2977 260 3138 319 habm-

1891 336 2028 391 dum
2067 342 2164 392 est.
2204 337 2283 391 De
2307 337 2715 407 magistratibus
2734 339 2818 409 jus
2838 338 2933 395 fere
2952 339 3138 409 {unitum

1895 421 1973 469 cst
2012 415 2071 471 in
2112 414 2529 485 magistratuum
2584 414 2789 479 officio.
2834 422 2883 471 et
2924 421 3141 488 potestate.

1897 493 2079 564 Atque
2119 492 2315 549 horum
2342 501 2637 565 utrumque
2664 492 2967 565 poeissimum
2998 494 3047 549 in
3074 494 3145 565 ju·

1894 570 2225 627 risdictione.
2268 572 2347 627 De
2386 588 2447 627 ea
2506 572 2716 631 dicetur
2763 588 2855 629 suo
2886 573 3015 637 loco,
3044 586 3147 627 cum

1892 649 2099 705 scilicet
2136 648 2205 705 ad
2254 650 2464 721 iudicia
2505 656 2727 707 ventum
2764 650 2877 707 erit.
2908 649 3001 717 Qui
3032 650 3149 705 locus
3268 690 3276 699 .

1904 734 2097 783 natura
2139 734 2235 785 sua
2272 728 2709 801 jurisdictionem
2751 728 3051 799 magistratus
3078 742 3150 797 po-

1898 808 2084 863 stulat.
2124 807 2203 863 De
2224 808 2349 878 jure
2376 816 2559 863 autem
2600 801 2747 871 fisci,
2780 808 2843 863 de
2869 824 2921 862 re
2944 804 3153 867 militari,

1898 886 1969 941 de
1993 884 2313 941 muneribus
2336 890 2391 940 et
2417 884 2735 951 honoribus,
2758 888 2824 941 de
2846 882 3155 955 vectimlibus.

1898 970 1963 1020 et
1991 962 2226 1035 publicis
2264 964 2747 1033 pensitationibus.
2784 965 2847 1019 de
2870 962 3021 1035 poenis
3052 960 3159 1015 deli-

1896 1054 2111 1099 ctorum
2138 1058 2205 1097 ne
2246 1043 2348 1098 hoc
2370 1042 2595 1113 quidem
2630 1042 2749 1099 Ioco
2773 1042 2981 1103 dicetur:
3002 1039 3079 1095 sed
3102 1037 3159 1110 (5)

1901 1120 2177 1193 rejicietur
2203 1119 2317 1176 haec
2342 1120 2591 1179 tractatio
2624 1119 2682 1176 in
2712 1138 2833 1177 eum
2872 1121 3045 1179 locum.
3062 1131 3160 1171 cum

1900 1200 1969 1255 de
2006 1200 2131 1269 jure
2170 1198 2381 1269 privato
2416 1196 2731 1255 dixerimus.
2772 1199 2905 1255 Nam
2942 1205 2988 1253 et
3022 1195 3071 1251 id
3104 1192 3162 1247 ia-

1902 1283 2048 1333 ctum
2075 1277 2562 1334 animadvertimus
2574 1273 3163 1349 aeomposiwrihust‘an-

1900 1357 2179 1412 (lectarum
2202 1396 2216 1420 .
2252 1365 2305 1411 et
2330 1354 2539 1410 Codicis
2555 1356 2689 1427 ‚qui
2730 1366 2928 1428 partem
2950 1354 3075 1409 hauc
3104 1359 3164 1405 to-

1904 1444 2017 1489 tam
2042 1436 2111 1490 de
2146 1435 2271 1507 jure
2296 1433 2515 1505 publico
2550 1435 2611 1490 in
2652 1433 2879 1505 Digestis
2896 1431 3091 1503 quidem
3120 1426 3165 1482 in

1906 1512 2127 1569 Librum
2154 1511 2365 1568 XLIX.
2402 1512 2457 1567 id
2484 1520 2563 1567 est
2597 1513 2657 1568 in
2682 1520 2971 1569 extremum
3001 1510 3169 1565 locum

1901 1590 1961 1645 in
2000 1590 2196 1647 Codice
2246 1598 2429 1647 autem
2470 1589 2531 1646 in
2566 1600 2675 1647 tres
2714 1591 3011 1663 posteriores
3038 1585 3171 1640 libr&

1904 1670 2223 1725 retulerunt.
2237 1668 2383 1736 Quos
2406 1673 2587 1725 tamen
2606 1669 2697 1725 bic
2726 1685 2836 1725 non
2862 1674 3171 1737 sequeremur,

1907 1747 2003 1802 ubi
2030 1748 2099 1803 de
2124 1753 2265 1803 recto
2288 1748 2483 1804 ordine
2522 1747 2723 1818 agitur,
2760 1746 2865 1804 nisi
2892 1744 3045 1814 hujus
3060 1739 3175 1797 ordi-

1906 1825 1992 1881 nis
2017 1826 2221 1898 optima
2248 1826 2387 1881 ratio
2426 1825 2539 1883 illis
2572 1826 2911 1884 constitisset.
2934 1820 3035 1879 Etsi
3057 1816 3173 1875 enim

1902 1919 1987 1959 res
2010 1902 2229 1976 publica
2274 1904 2611 1975 praestantior
2648 1912 2757 1966 est.
2784 1919 2947 1976 quam
2978 1897 3175 1973 privata:

1895 1982 1987 2053 jus
2024 1982 2339 2053 publicum,
2377 1998 2543 2055 quam
2588 1984 2891 2055 privatum:
2926 1986 3089 2037 tamen
3117 1975 3179 2065 fle

1894 2061 2017 2132 jure
2028 2090 2031 2095 ·
2041 2060 2263 2133 publico
2276 2066 2415 2116 recte
2428 2061 2560 2127 dici,
2584 2062 2691 2119 nisi
2708 2062 2915 2135 privato
2935 2060 3051 2131 jure
3062 2066 3179 2126 prm!

1902 2140 2134 2210 cognito,
2166 2154 2275 2195 non
2330 2146 2517 2211 potest.
2554 2142 2699 2197 Nam
2742 2139 2975 2213 primum
3010 2136 3065 2191 in
3107 2130 3185 2193 iis,

1902 2233 2025 2290 quoe
2070 2218 2192 2289 jure
2246 2218 2463 2290 publico
2508 2218 2821 2276 civitatibus
2872 2217 3182 2273 tribuuntur·

1903 2298 2077 2353 multa
2114 2302 2242 2353 sunt
2294 2297 2609 2352 communia
2646 2314 2779 2353 cum
2833 2295 2951 2367 iure
3000 2292 3184 2364 privim-

1902 2374 2077 2430 Multa
2132 2375 2389 2445 proinde,
2442 2390 2565 2446 quoe
2632 2374 2831 2431 iisdem
2882 2370 3072 2443 regulis
3092 2408 3105 2432 ‚
3146 2368 3188 2453 ⁴}

1906 2452 2179 2547 praeceptis
2230 2452 2372 2523 juris
2418 2453 2823 2511 contineantur.
2868 2452 2991 2508 Ideo
3038 2448 3089 2504 in
3122 2443 3189 2499 hts

1900 2548 1991 2603 Jus
2030 2531 2297 2602 privatum
2339 2532 2491 2603 prius
2526 2532 2789 2602 eognosci
2828 2534 3045 2602 oportet.
3073 2524 3189 2579 Tum

1906 2617 2087 2668 autem
2128 2611 2172 2666 si
2212 2611 2350 2680 quid
2392 2611 2485 2666 bie
2526 2610 2752 2667 dissidet
2774 2628 2809 2666 a
2844 2611 2963 2683 jure
2996 2604 3193 2679 privtw·

1906 2691 1965 2746 id
2016 2687 2291 2758 singulare
2334 2689 2423 2759 jus
2459 2698 2537 2746 est
2560 2729 2577 2752 ‚
2614 2699 2905 2761 exceptum
2952 2703 2985 2742 a
3017 2684 3125 2756 jure
3154 2683 3195 2732 ά

1908 2783 2091 2824 caussa
2142 2767 2471 2838 privatorum
2490 2807 2507 2822 .
2557 2767 2717 2825 Prius
2758 2763 2944 2824 aute'm
2989 2759 3195 2832 regulam

1908 2845 2090 2910 statui,
2125 2860 2294 2916 quam
2320 2846 2691 2917 exceptionem
2710 2863 2712 2865 ’
2728 2844 2995 2903 convenit.
3024 2841 3197 2896 Postre-

1905 2943 1995 2982 mo
2022 2925 2081 2979 in
2106 2923 2258 2980 omni
2285 2924 2410 2994 jure
2436 2925 2657 2995 publico
2702 2927 2763 2982 in
2792 2925 2953 2982 rebus
2978 2919 3080 2981 his.
3100 2929 3200 3004 qu?

1905 3002 2113 3060 civitati
2152 3001 2502 3067 tribuuntur,
2526 3003 2816 3075 affingitur
2853 3014 3066 3075 persona
3096 3008 3201 3080 eij-’¹-

1908 3083 2007 3140 tati
2054 3083 2127 3138 ad
2179 3081 2601 3140 similitudinem
2668 3085 3028 3153 privatorum.
3070 3074 3204 3130 Prius

1908 3177 2033 3216 vero
2058 3159 2331 3230 exemplar
2344 3175 2453 3214 esse
2476 3169 2700 3233 oportet,
2712 3178 2891 3234 quam
2914 3152 3203 3224 exemplum·

1906 3241 2059 3313 quod
2097 3238 2226 3295 inde
2264 3237 2503 3295 ducitur.

1906 3475 2105 3524 (Jomm.
2146 3485 2229 3519 ιι.
2280 3469 2477 3539 infin.
2522 3484 2597 3518 ω.
2632 3473 2843 3524 comm.
2892 3472 2944 3533 4.
2978 3477 3029 3516 et
3060 3459 3133 3524 24-
3162 3459 3209 3508 in

1906 3557 1995 3607 pr.
2028 3535 2118 3602 qui
2165 3533 2265 3584 loci
2300 3534 2517 3586 omnino
2550 3543 2787 3600 arguunt
2811 3571 2828 3596 ,
2868 3537 3085 3584 mentem
3124 3523 3209 3574 Dm

1912 3603 2046 3652 nelli
2082 3599 2251 3650 nostri
2287 3597 2447 3649 fuisse
2480 3607 2535 3648 et
2578 3602 2651 3666 jus
2688 3592 3209 3666 publieun1,atml1·to

1917 3669 2025 3734 jure
2060 3666 2291 3732 privato,
2327 3679 2607 3729 exponere.
2636 3661 2873 3720 Fecisset
2900 3664 3081 3731 ulique
3103 3655 3212 3709 hand

1912 3734 2091 3794 dubie,
2115 3731 2159 3782 si
2192 3731 2305 3782 vitu
2329 3731 2677 3795 suppetiisset.
