3327 5214
561 150 674 207 aas

557 336 626 391 sit
680 331 848 389 alium
903 330 1080 385 filium
1119 329 1370 399 eligendi.
1422 332 1474 385 d.
1514 331 1574 385 L.
1609 334 1669 385 in
1708 346 1861 385 arro-

554 410 886 481 fflniont'bus,
921 410 980 461 in
1041 407 1134 477 fin.
1171 405 1315 472 Quid
1369 408 1547 473 enim,
1583 401 1630 463 si
1686 408 1863 471 filius,

557 504 720 559 quem
763 485 941 545 habet.
963 483 1032 539 sit
1071 482 1316 549 furiosus,
1339 488 1433 538 aut
1471 492 1648 554 aperte
1674 486 1862 541 vitioso

557 578 793 635 turture,
814 569 867 617 et
903 562 974 615 ad
999 561 1362 631 generandum
1389 560 1594 633 inepto?
1616 562 1760 629 Quid
1776 602 1791 627 ,
1816 562 1861 618 si

559 644 628 698 sit
665 638 955 711 flagitiosus
971 678 984 701 ,
1009 646 1062 692 et
1115 638 1236 694 vitae
1262 636 1586 709 deploratas?
1607 636 1862 695 Prohibet

557 719 816 775 delictum
841 714 1008 787 patris
1045 731 1108 771 ex
1135 712 1622 779 constitutionibus,
1645 716 1689 772 si
1712 722 1863 787 pater
1906 730 1911 735 ·

557 793 822 851 naturalis
861 808 1107 863 arrogare
1144 792 1278 849 velit
1297 792 1474 849 lilium
1493 794 1736 857 ,filiosve
1760 808 1855 848 na·

555 874 783 932 turaias,
835 882 994 941 quos‘
1023 876 1171 925 extra
1218 870 1433 940 nuptias
1482 872 1713 927 sustulit.
1758 871 1857 927 Jus

557 950 910 1007 coustitutum
937 946 1087 1007 ideo,
1121 960 1194 1002 ne
1217 947 1414 1019 injusta
1453 946 1748 1004 libidinum
1774 948 1865 1003 de-

555 1026 753 1083 sideria
807 1023 1100 1093 arrogatio.
1151 1030 1246 1080 aut
1291 1024 1649 1095 patrocinium
1692 1026 1861 1080 ullum

555 1103 808 1159 defendat
822 1143 836 1166 ‚
897 1108 958 1157 ut
994 1108 1074 1158 est
1119 1100 1492 1157 constitutione
1547 1116 1866 1175 exproesum.

563 1184 618 1237 L.
657 1185 841 1249 leyen,
865 1180 922 1251 S.
947 1180 1118 1235 odfini.
1143 1178 1205 1234 C.
1225 1182 1290 1235 ds
1313 1186 1488 1234 natur.
1511 1180 1605 1235 lib.
1720 1234 1743 1255 ·

631 1258 757 1312 Vll.
795 1256 1070 1313 Secundus
1103 1258 1236 1311 ordo
1277 1257 1506 1327 pertinet
1535 1256 1604 1310 ad
1639 1262 1863 1319 tutores,

555 1346 608 1391 et
643 1340 933 1397 curatores,
957 1330 1056 1403 qui
1093 1332 1343 1407 privatim
1381 1334 1737 1404 probibentur
1774 1350 1856 1389 ar·

553 1428 740 1483 rogare
777 1426 902 1466 eum
918 1452 933 1473 ,
958 1410 1114 1481 eujus
1137 1410 1377 1476 tutelam,
1401 1421 1494 1466 aut
1531 1427 1719 1467 curam
1745 1426 1858 1482 ges-

553 1496 736 1547 serunt
753 1530 768 1555 ,
791 1487 1039 1560 quandiu
1065 1486 1244 1543 minor
1269 1488 1372 1543 erit
1395 1486 1588 1559 viginti
1610 1488 1857 1559 quinque

558 1568 717 1623 annis
741 1565 838 1637 qui
867 1572 1164 1633 arroffltur,
1187 1581 1258 1621 ne
1283 1565 1563 1623 forteideo
1588 1574 1859 1635 arrogent,

553 1662 626 1701 ne
664 1644 895 1700 rationes
933 1640 1178 1698 reddant·
1205 1644 1258 1697 d.
1285 1644 1344 1699 I..
1367 1659 1462 1699 nee
1491 1645 1556 1705 st,
1593 1644 1654 1697 s‘n
1682 1644 1857 1711 princ.

551 1722 709 1789 Quod
735 1720 958 1791 quidem
983 1718 1218 1775 efficitur
1243 1719 1591 1789 arrogatione.
1607 1719 1748 1775 Nam
1773 1717 1856 1773 in-

553 1808 638 1855 ter
677 1806 880 1869 patrem
921 1804 974 1850 et
1003 1796 1196 1861 tilium,
1236 1797 1334 1867 qui
1373 1798 1431 1852 in
1457 1798 1570 1867 ejus
1607 1800 1856 1867 potestate

553 1885 647 1940 est,
687 1876 848 1946 nulla,
867 1880 1029 1943 potest
1055 1873 1196 1929 actio
1239 1874 1519 1929 consistere
1542 1874 1666 1943 jure
1688 1871 1855 1928 civili.

555 1958 614 2019 §-
651 1957 698 2009 si
748 1954 860 2022 qui,
897 1950 1070 2006 Iustis.
1105 1952 1168 2005 de
1215 1950 1378 2019 obito.
1415 1964 1532 2021 quoe
1577 1964 1648 2005 sa>
1683 1950 1855 2003 delict.

553 2038 673 2098 arsy.
707 2031 768 2084 ἐπ
803 2030 862 2101 S.
900 2032 948 2085 si
983 2044 1180 2090 semus,
1205 2027 1330 2083 last.
1351 2030 1413 2083 de
1435 2042 1560 2085 noes.
1605 2034 1706 2080 aet.
1730 2026 1854 2082 Per-

553 2109 776 2164 missum
815 2114 994 2161 tamen
1043 2103 1204 2161 tutori
1244 2104 1554 2176 privignum
1591 2118 1753 2159 suum
1792 2120 1851 2157 a·

553 2188 791 2256 tietmare,
815 2186 876 2239 L.
899 2194 1290 2251 nonnunquam,
1315 2182 1372 2253 s.
1415 2181 1463 2236 1.
1490 2181 1556 2236 D.
1580 2182 1643 2235 ds
1674 2182 1849 2249 adopt.

551 2264 694 2328 Quia
721 2260 794 2337 (4)
823 2261 1102 2315 vinculum
1129 2258 1354 2314 interius
1370 2256 1701 2313 matrimonii
1724 2272 1851 2311 cum

555 2350 726 2396 matre
750 2339 881 2408 ejus,
907 2337 1038 2391 item
1076 2335 1350 2392 affinitatis
1387 2350 1508 2389 cum
1547 2334 1658 2403 ipso
1698 2334 1857 2403 privi-

549 2431 660 2483 gno
696 2414 1045 2471 constitutum
1076 2412 1232 2468 facile
1253 2424 1469 2467 omnem
1483 2410 1858 2482 naudissnspi-

550 2496 765 2551 cionem
792 2507 821 2545 a
849 2491 1039 2545 vitrico
1079 2496 1303 2544 amovet.

629 2566 785 2627 vm.
808 2566 977 2624 Tertii
1009 2565 1212 2624 ordinis
1237 2566 1434 2640 (quem
1457 2564 1671 2638 proprie
1696 2564 1752 2622 in
1780 2565 1852 2640 (5)

547 2649 854 2718 impuberes
889 2645 1078 2701 cadere
1134 2643 1396 2718 diximus)
1432 2659 1626 2700 caussas
1665 2645 1732 2698 ad
1770 2659 1853 2697 re-

551 2725 876 2782 movendum
904 2727 1258 2791 arrogatorem
1281 2733 1408 2779 sunt
1432 2729 1683 2792 quatuor.
1708 2720 1849 2776 Nam

550 2803 643 2860 hic
681 2801 884 2874 praeter'
905 2797 1176 2870 superiora
1211 2807 1514 2870 spectantur
1553 2798 1609 2854 iu
1629 2811 1852 2868 arroga-

547 2889 683 2945 tore,
722 2879 846 2950 conj
853 2876 1030 2933 unctio
1043 2915 1058 2940 ‚
1095 2891 1268 2933 mores
1283 2919 1298 2942 ,
1337 2877 1610 2933 facultates
1625 2915 1640 2939 ,
1676 2874 1852 2932 cautio

547 2960 747 3015 idonea
787 2957 854 3010 de
895 2955 1050 3035 bonis
1085 2953 1396 3024 impuberis.
1434 2953 1498 3008 ln
1524 2951 1852 3025 conjunctio-

549 3053 620 3094 ne
657 3034 799 3091 nulli
825 3033 1100 3104 pupillum
1127 3047 1374 3102 arrogare
1397 3028 1740 3102 permittitur,
1766 3029 1849 3084 ni-

547 3115 592 3170 si
631 3111 878 3168 naturali
907 3108 1221 3180 cognatione
1246 3111 1610 3181 conjunctum,
1638 3115 1849 3177 prseter-

546 3203 714 3264 quam
753 3189 796 3245 si
823 3187 1026 3258 alioqui
1068 3186 1392 3244 sanctissima
1419 3184 1697 3241 affectione
1720 3183 1846 3238 duci

549 3274 900 3337 arrogatorem
926 3270 1202 3336 appareat,
1227 3275 1355 3336 puta
1381 3264 1463 3318 vel
1491 3260 1743 3318 amicitiae
1762 3277 1850 3316 ve-

547 3345 677 3400 teris
715 3343 930 3398 nomine
946 3381 962 3404 ,
1003 3342 1084 3397 vel
1126 3341 1340 3414 hospitii
1375 3357 1497 3396 cum
1540 3337 1851 3410 parentibus

548 3421 854 3486 constituti,
893 3419 976 3474 vel
1003 3417 1258 3481 honestas.
1293 3427 1346 3474 et
1382 3416 1484 3490 pize
1521 3413 1851 3472 educationis

547 3509 705 3556 antea
741 3501 1007 3566 susceptae.
1044 3499 1098 3552 d.
1139 3495 1198 3550 L.
1235 3512 1328 3551 nec
1363 3497 1430 3560 ei,
1466 3495 1526 3568 5.
1553 3494 1603 3549 1.
1641 3493 1846 3556 Mores,

467 3594 474 3603 ·
546 3589 600 3635 et
637 3577 746 3632 vita
771 3572 1089 3642 arrogatoris
1126 3579 1447 3643 spectantur,
1483 3586 1552 3626 ne
1578 3570 1713 3626 forte
1738 3579 1847 3624 tur-

545 3658 628 3728 pis
663 3654 734 3710 sit
773 3661 954 3707 caussa
991 3649 1295 3719 arrogandi.
1321 3651 1380 3705 L.
1407 3665 1497 3706 nse
1535 3650 1602 3713 ei,
1637 3647 1699 3720 S.
1728 3648 1755 3702 1
1800 3653 1848 3702 st

543 3737 604 3806 S.
630 3737 678 3788 st
694 3733 948 3799 mimum,
968 3727 1030 3798 S.
1051 3743 1170 3780 cum
1193 3733 1383 3788 autem,
1407 3725 1536 3782 Inst-
1559 3727 1668 3780 sod.
1692 3723 1847 3790 Quod

542 3827 606 3868 eo
645 3806 892 3879 pertinet,
919 3820 986 3858 ne
1025 3803 1072 3858 ei
1101 3803 1439 3874 permittatur
1475 3817 1722 3873 arrogare
1755 3815 1849 3856 eu-

538 3888 630 3959 jus
665 3887 772 3939 vita
799 3897 989 3954 parum
1029 3879 1252 3951 pudica,
1292 3889 1384 3936 aut
1418 3879 1594 3936 sobria
1632 3889 1734 3941 ωε,
1772 3895 1840 3933 ne

539 3967 655 4036 ejus
691 3959 940 4022 libidini,
981 3963 1074 4012 aut
1113 3958 1272 4014 malis
1305 3957 1565 4027 exemplis
1613 3956 1843 4011 dedatur

541 4044 814 4102 honestas,
851 4046 903 4093 et
951 4035 1126 4108 pudor
1177 4035 1486 4106 impuberis.
1525 4033 1842 4104 spectantur

541 4118 817 4175 facultates
853 4115 953 4190 (6),
993 4129 1062 4169 ne
1109 4112 1360 4170 ditiorem
1401 4112 1612 4182 adoptet
1649 4125 1843 4182 paupe-

604 4267 678 4336 (4)
709 4265 859 4316 Facit
896 4269 955 4316 L.
1003 4265 1105 4314 ult.
1151 4263 1288 4318 Cod.
1334 4264 1402 4316 de
1433 4262 1692 4331 ‘confirm.
1736 4274 1838 4312 tut.

545 4333 674 4384 vid.
709 4332 884 4394 Cujnc.
921 4346 968 4379 π.
1007 4331 1126 4380 Obs.
1163 4328 1244 4379 38.

599 4399 679 4460 (5)
707 4394 843 4444 olim
865 4409 967 4441 uon
1015 4398 1247 4457 poterat,
1262 4391 1363 4442 nini
1383 4392 1662 4456 vesticeps,
1684 4389 1740 4438 id
1764 4394 1843 4440 est

541 4461 674 4526 pube
707 4472 1007 4522 conspersus
1023 4495 1039 4517 ,
1070 4457 1336 4521 arrogari,
1358 4473 1455 4507 nec
1477 4455 1740 4506 tutoribus
1760 4469 1845 4504 m-

543 4531 636 4588 put
663 4521 884 4570 liberum
905 4522 1084 4572 alienae
1109 4521 1306 4570 ditioni
1336 4523 1587 4587 subjicere
1686 4519 1839 4568 rmis-

537 4602 650 4634 sum
675 4593 810 4644 erat,
841 4583 910 4634 Α.
934 4583 1077 4634 Gell.
1105 4588 1156 4636 5.
1175 4592 1329 4638 Λυσι.
1370 4601 1388 4634 ι
1433 4621 1448 4634 .
1481 4585 1599 4648 quia
1654 4582 1764 4632 atio
1786 4581 1843 4631 in

537 4649 869 4715 adoptionem
907 4657 985 4699 ast
1016 4665 1100 4698 res
1121 4657 1271 4700 extra
1293 4655 1402 4699 tute
1427 4665 1466 4698 ω
1505 4647 1843 4700 administra-

1367 143 1682 207 nnuoms
1720 139 2029 207 nomn
2068 145 2432 206 comm.
3050 190 3061 204 .

557 263 624 321 es,
647 256 706 329 s.
721 268 846 323 pos.
884 250 954 307 Et
991 250 1092 307 hae
1113 264 1344 315 rursum,
1381 228 1489 311 adt
1515 254 1651 324 justa
1678 266 1857 307 caussa
1938 253 2075 319 rior,
2112 252 2243 323 qnia
2282 250 2486 325 pupillo
2510 250 2733 322 ‘adoptio
2764 264 2862 307 uon
2896 252 3141 325 expedita.

3048 152 3139 212 5⁸0

1938 332 1999 386 L.
2035 346 2127 385 nec
2162 331 2229 392 ei,
2266 331 2324 401 S.
2351 334 2401 383 st
2428 330 2677 397 primun.
2712 326 2981 385 Periculum
3012 340 3075 388 α
3100 352 3143 391 e·

1936 408 2072 471 nim,
2111 422 2178 460 ne
2214 418 2304 479 spe
2340 406 2528 477 praedm
2553 404 2737 476 potius,
2756 420 2903 477 quam
2924 422 3073 463 amore
3092 410 3141 467 ss-

1936 484 2015 547 lii,
2050 500 2175 541 eum
2214 484 2437 555 adoptet.
2476 491 2544 547 et,
2582 486 2641 537 ut
2664 482 2849 537 dicitur
2878 482 2930 538 in
2961 483 3005 539 1..
3026 484 3070 541 2.
3090 486 3137 544 ι’.

3256 428 3268 515 4²

1936 564 2045 619 eod.
2083 578 2151 617 ne
2188 562 2288 617 sub
2326 562 2549 616 obtentu
2584 558 2874 631 copulande
2908 559 3147 632 adoption'n
3266 618 3268 639 ἶ

1939 640 1997 695 in
2024 639 2298 695 facultates
2322 639 2441 708 ejus
2469 637 2653 691 irruat.

2014 716 2111 771 IX.
2150 715 2223 773 Ut
2256 730 2439 774 caussa
2478 713 2787 785 arrogatoris
2820 715 2885 769 ob
2925 713 3016 770 alia
3054 730 3147 785 pm-

1932 796 2055 850 bata
2093 794 2163 850 sit
2192 792 2250 848 in
2296 792 2642 864 praeteritum.
2667 796 2835 846 tamen
2862 790 3063 861 exigitur
3092 792 3147 847 ad

1932 871 2043 926 haec
2082 873 2152 926 ab
2192 878 2491 941 arrogatore
2527 868 2805 934 satisdatio,
2828 880 2925 940 qua
2954 868 3151 939 impube-

1938 949 1985 1004 η’
2027 948 2085 1003 in
2127 950 2365 1005 futurum
2390 947 2699 1003 consulatur
2714 986 2728 1010 ‚
2750 962 2816 1000 ne
2836 946 2925 1002 sub
2944 948 3151 1017 meu-,xta
3265 950 3268 967 ¹

1940 1026 2289 1095 arrogationis
2326 1025 2467 1081 bona
2504 1024 2633 1095 ejus,
2668 1040 2783 1095 quae
2818 1023 3033 1092 diligenti
3060 1036 3153 1093 pro-

1942 1102 2140 1158 visione
2163 1103 2419 1158 servanda
2446 1109 2585 1167 sunt,
2608 1109 2756 1173 pater
2778 1110 3027 1171 arrogator
3036 1100 3091 1155 ad
3110 1116 3153 1155 ss

1936 1186 2147 1243 avocet,
2175 1186 2268 1235 aut
2290 1178 2521 1250 dissipet.
2543 1180 2596 1236 d.
2636 1178 2698 1235 L
2724 1194 2811 1235 nee
2844 1182 2904 1236 α’.
2934 1180 2983 1233 in
3013 1176 3086 1246 fia.
3114 1178 3155 1231 d.

1936 1256 1996 1313 L.
2034 1259 2089 1313 2.
2114 1260 2171 1312 Γ.
2196 1258 2307 1312 erra.
2346 1258 2443 1319 lta,
2484 1256 2583 1311 hac
2606 1255 2927 1311 satisdatione
2948 1262 3156 1326 recusata.

1934 1350 2182 1405 arrogare
2218 1332 2267 1389 ei
2308 1349 2417 1391 non
2456 1333 2798 1405 permittitur.
2822 1332 2877 1388 L.
2898 1350 2990 1386 non
3022 1332 3154 1392 aliter,

1932 1411 1998 1469 D.
2021 1414 2128 1469 eoa.
2153 1411 2451 1477 satisdatio,
2478 1409 2534 1465 id
2557 1418 2633 1466 est
2658 1411 2828 1467 cautio
2850 1406 3041 1465 'idoneis
3058 1408 3154 1463 fide·

1928 1489 2224 1561 jussoribus
2250 1488 2387 1544 datis
2410 1489 2467 1543 in
2494 1502 2611 1543 eam
2636 1504 2768 1552 rem,
2790 1488 2853 1542 de
2874 1496 2971 1558 qua
2982 1493 3153 1540 cautum

1932 1575 2025 1633 est,
2050 1573 2103 1622 et
2128 1566 2523 1637 interpretatur.
2560 1566 2611 1621 d.
2656 1566 2714 1624 L.
2752 1566 2803 1621 2.
2842 1564 3011 1621 asoa.
3044 1570 3085 1615 et
3111 1560 3154 1615 id

1923 1645 2187 1700 musam
2210 1642 2495 1713 signifieat.
2536 1642 2591 1699 L.
2618 1643 2670 1699 1.
2696 1644 2761 1699 D.
2782 1643 2870 1715 qui
2900 1641 3053 1698 Μή.
3071 1652 3155 1707 ως.

1932 1722 2025 1779 Est
2062 1726 2239 1776 autem
2276 1734 2473 1782 savem,
2508 1718 2789 1791 stipulanti
2812 1718 3090 1790 promittere.
3114 1714 3157 1769 t.

1931 1800 2205 1859 sancimus,
2236 1797 2293 1853 C.
2329 1798 2391 1853 ds
2428 1796 2629 1852 verbor.
2668 1801 2798 1867 siqu.
2832 1794 3001 1850 Cautio
3030 1792 3157 1863 liuius

1932 1874 2009 1931 rei
2050 1876 2261 1947 propria
2290 1874 2397 1929 baee
2434 1881 2524 1930 est.
2548 1874 2709 1931 Cavet
2750 1883 3011 1945 arrogatur,
3042 1887 3097 1931 se.
3124 1868 3157 1923 si
3261 1898 3268 1910 ·

1928 1960 2201 2022 arrogatus
2235 1952 2477 2021 impubes
2516 1952 2818 2013 decesserit,
2850 1951 3159 2007 restituturum

1928 2046 2005 2093 ea,
2020 2044 2157 2102 quae
2180 2046 2248 2085 ex
2276 2028 2430 2084 bonis
2442 2030 2557 2100 ejus
2570 2038 2875 2085 consecutus
2906 2022 3162 2085 metientis

1926 2108 1995 2162 ad
2024 2122 2159 2178 quos
2194 2122 2256 2161 ea
2284 2122 2365 2161 res
2402 2106 2649 2177 pertinet.
2674 2106 2915 2162 conditio
2949 2100 3161 2158 cautionis

1927 2183 2166 2254 superior
2188 2197 2431 2254 expressa
2460 2184 2517 2239 in
2545 2182 2606 2239 L.
2664 2185 2767 2241 hoc
2800 2192 2977 2243 aum
2999 2180 3051 2237 D.
3076 2178 3157 2232 aad.

1926 2266 1977 2315 et
2014 2260 2070 2333 S.
2107 2275 2226 2315 eum
2264 2272 2455 2325 autem,
2497 2260 2623 2320 lass.
2651 2264 2761 2317 sod.
2796 2262 2895 2317 ma
2928 2258 3081 2319 verba.
3110 2256 3164 2311 ⁰0

1933 2354 2067 2409 qnos
2096 2354 2163 2394 ea
2198 2352 2283 2394 res
2298 2341 2541 2407 pertinet,
2564 2340 2825 2395 dicuntur
2861 2336 3005 2394 fuisse
3036 2334 3163 2405 liujus

1932 2412 2287 2471 satisdationis
2314 2412 2372 2469 i'n
2402 2414 2462 2470 L.
2487 2417 2570 2471 his
2604 2418 2795 2482 verbis,
2827 2416 2887 2473 D.
2922 2414 3019 2469 eod.
3038 2410 3165 2466 Cete-

1929 2506 1992 2547 ra
2032 2492 2296 2547 cautionis
2332 2500 2459 2548 sunt
2484 2494 2541 2549 in
2566 2494 2620 2550 d.
2661 2496 2719 2566 S.
2740 2502 2855 2550 cust·
2877 2498 3044 2554 auton,
3061 2500 3099 2544 a
3118 2486 3165 2544 1.

1926 2585 2033 2626 non
2058 2570 2232 2636 alitor,
2268 2568 2345 2626 st·
2372 2572 2482 2626 sod.
2520 2569 2625 2628 His
2666 2571 2854 2635 verbis,
2887 2569 2955 2625 ad
2986 2574 3090 2640 quos
3115 2580 3165 2621 sa

1926 2663 2007 2704 τοι
2026 2645 2660 2718 pcrtinst‚signilicantur
2682 2667 2791 2707 non
2820 2649 2859 2704 ii
2884 2643 3168 2716 tantumqni

1927 2725 1997 2780 ad
2030 2723 2408 2782 successionem
2448 2724 2748 2796 impuberis
2784 2723 2983 2781 venturi
3014 2727 3167 2786 essent,

1925 2807 1989 2858 ut
2011 2801 2186 2858 cautio
2210 2811 2462 2873 concepta
2486 2813 2564 2858 est
2580 2805 2643 2859 in
2670 2806 2729 2878 5.
2750 2821 2865 2860 eum
2880 2805 3049 2865 amm,
3068 2795 3169 2856 lna.

1926 2881 2035 2936 eod.
2072 2879 2163 2934 sed
2190 2893 2390 2942 omues,
2414 2881 2480 2935 ad
2507 2895 2647 2950 quos
2684 2899 2768 2938 res
2800 2877 3064 2951 impuberis
3082 2891 3171 2948 per-

1926 2957 2148 3012 ventura
2186 2961 2347 3019 esset,
2368 2957 2411 3012 si
2450 2967 2729 3028 arrogatas
2766 2955 3097 3031 permansiaeet
3125 2949 3169 3010 ia

1924 3050 2021 3090 suo
2058 3037 2230 3093 statu.
2250 3041 2327 3102 ⁴ut
2366 3034 2665 3105 explicatur
2704 3038 2764 3093 in
2796 3039 2848 3093 d.
2887 3033 2945 3092 L.
2986 3049 3077 3090 noa
3095 3031 3175 3086 ‹¹1⁸⁸-

1924 3111 2161 3173 tsr.Roe,
2200 3109 2617 3170 idestbona.d.
2656 3107 3175 3186 §.mammi-

1922 3189 2023 3244 bus
2062 3187 2239 3244 verbis
2276 3186 2625 3247 continentur
2662 3207 2773 3247 non
2814 3189 3036 3247 haeredes
3076 3193 3171 3241 tau·

1921 3273 2041 3321 tum
2060 3263 2369 3336 impuberis,
2390 3265 2499 3321 sive
2523 3269 2621 3338 qui
2653 3269 2785 3326 illia
2804 3277 2949 3340 patre
2970 3265 3067 3322 dati
3077 3265 3175 3319 sum

1924 3341 2167 3400 secundis
2206 3343 2420 3402 tabulis.
2455 3343 2565 3400 sive
2602 3349 2702 3417 qui
2742 3346 2827 3403 illi
2868 3343 2935 3399 ab
2970 3343 3177 3399 intestato

1924 3428 2051 3477 sunt
2086 3419 2395 3476 successuri:
2432 3421 2523 3475 sed
2564 3429 2620 3478 et
2660 3421 2923 3494 legatarii,
2956 3429 3004 3479 et
3044 3415 3177 3480 servi·

1920 3497 2121 3568 quibus
2158 3495 2406 3552 secundis
2443 3498 2669 3564 tabulis,
2710 3501 2767 3556 id
2792 3507 2869 3555 est
2906 3502 3173 3556 testamento

1922 3573 2181 3646 pupillari
2200 3614 2214 3636 ,
2240 3574 2428 3642 legata,
2456 3583 2550 3630 aut
2574 3577 2852 3634 libertates
2906 3578 3030 3632 datae
3059 3575 3175 3628 sunt·

1922 3653 1975 3708 d.
2019 3651 2077 3706 L.
2104 3651 2185 3706 his
2222 3649 2407 3706 verbis.
2445 3652 2892 3726 Nametlegata,
2919 3661 2968 3709 et
3002 3651 3183 3707 liberta·

1924 3734 2002 3784 tes
2026 3743 2296 3784 servorum
2322 3740 2445 3784 sunt
2468 3743 2535 3784 ex
2562 3745 2637 3795 re,
2662 3740 2716 3786 et
2734 3731 2891 3788 bonis
2914 3725 3181 3802 impuberis-
3248 3793 3261 3808 .

2002 3805 2071 3861 X.
2108 3805 2271 3861 Cavet
2322 3806 2421 3861 boc
2474 3815 2753 3878 arrogator
2802 3825 2911 3865 non
2959 3805 3094 3878 ipsis.
3124 3799 3181 3856 ⁸⁴¹

1913 3899 2048 3953 quos
2070 3899 2151 3938 res
2176 3893 2496 3954 perventura
2520 3892 2612 3948 est,
2639 3887 2753 3942 sive
2776 3887 2920 3956 quod
2946 3899 3045 3939 non
3068 3895 3181 3936 sem-

1916 3977 2009 4031 per
2044 3967 2169 4015 sunt
2208 3959 2354 4023 certi3
2389 3961 2501 4016 sive
2556 3963 2709 4032 quod
2750 3979 2859 4018 non
2896 3975 3082 4032 semper
3112 3971 3183 4011 εἰ·

1912 4045 2073 4100 εῑαῐης
2110 4037 2219 4092 sive
2242 4038 2389 4108 quod
2416 4053 2525 4093 non
2550 4055 2740 4096 omnes
2778 4050 2903 4096 sunt
2934 4040 2987 4097 ii.
3021 4033 3104 4106 qui
3126 4031 3185 4088 si-

1918 4114 1977 4174 bi
2014 4113 2261 4185 stipulari
2288 4115 2505 4192 possint,
2543 4117 2734 4187 quales
2770 4125 2896 4174 sunt
2918 4113 3071 4173 servi:

1917 4263 2139 4314 tionem.
2171 4261 2391 4314 uotom.
2424 4264 2502 4316 aa
2535 4263 2579 4334 ς·
2618 4265 2670 4315 3.
2708 4269 2754 4317 ι.
2787 4237 2849 4318 1ιῖ
2912 4301 2925 4316 .
2972 4261 3086 4314 vid.
3124 4255 3186 4308 A.

1920 4327 2049 4380 Fab.
2078 4345 2127 4378 ι.
2162 4331 2401 4398 Jurrspeu
2444 4343 2558 4392 ιο.,
2592 4335 2691 4382 Pr·-
2730 4347 2778 4380 ι.
2814 4333 2867 4381 ΙΙ
2940 4343 3018 4379 τι.
3062 4369 3073 4383 .

1954 4393 2058 4470 ,(6)
2089 4389 2217 4462 Qun
2254 4392 2391 4468 ratio
2421 4393 2485 4442 ad
2522 4392 2755 4470 priorem
2786 4389 3072 4459 adoptionis
3090 4401 3184 4462 spe-

1920 4473 2055 4508 ciem
2100 4457 2337 4524 adaptari
2382 4464 2585 4532 nequit.
2636 4457 3021 4507 Filiusfamiliss
3058 4463 3179 4500 emm

1918 4521 2190 4587 adoptatus
2236 4534 2509 4635 pauperior
2540 4537 2649 4572 esse
2682 4521 2866 4587 nequit
2894 4523 2993 4572 ado
3026 4521 3187 4572 tante,

1994 4585 2005 4596 “
2360 4587 2408 4635 la
2428 4585 2562 4636 bona
2586 4585 2766 4636 habet.
2792 4589 2848 4637 1..
2872 4587 2951 4638 28.
3010 4605 3035 4636 e
3056 4581 3185 4644 vulg·

1918 4601 2039 4651 quaa
2074 4587 2228 4650 plane
2260 4601 2331 4634 nu

1922 4664 1969 4701 ec
2003 4653 2203 4717 pupiu-
2234 4643 2307 4705 Α.
2343 4649 2470 4700 rab.
2505 4652 2562 4704 d.
2598 4653 2705 4702 Iu·
2744 4665 2822 4699 ιι.
