3327 5214
469 206 572 264 tat

463 313 545 366 res·
564 305 810 376 ,σιωπῶ
832 307 1010 375 aptior
1029 309 1122 360 est.
1165 302 1226 358 Ι..
1263 302 1476 374 quoties
1501 301 1645 358 idem
1671 317 1777 358 ser-

466 402 571 448 mo,
613 386 681 441 D.
717 385 782 440 de
819 399 932 453 req.
960 384 1076 453 Jur.
1103 380 1222 436 Hoc
1247 378 1403 442 ideo,
1441 379 1572 450 quia
1607 381 1776 436 altera

465 462 831 534 interpretatio
867 460 1054 516 vitiosa
1075 499 1090 524 ,
1125 457 1384 530 quoniam
1409 457 1606 530 inepta.
1645 457 1779 514 Hoec

465 543 598 598 vitio
637 549 804 596 caret:
845 537 964 594 ideo
998 535 1370 608 amplectenda
1403 551 1472 591 ex
1509 536 1781 608 superiore

465 617 800 677 definitione.
823 615 1074 690 Exempli
1097 630 1309 679 caussa,
1349 615 1438 670 lex
1463 614 1660 671 tribuit
1694 615 1783 686 jus

463 697 636 755 eundi
661 696 730 761 ei,
752 696 854 767 qui
877 712 971 766 per
1004 703 1084 751 tot
1106 709 1276 750 annos
1313 707 1407 764 per
1425 745 1432 752 ,
1447 692 1681 748 fundum
1706 691 1785 746 vi-

463 776 584 832 cini
608 775 712 832 iter
755 773 955 832 fecerit.
989 773 1050 830 L.
1073 779 1312 842 apparet.
1337 771 1395 844 3.
1435 786 1562 841 pen.
1610 769 1681 826 D.
1717 771 1780 827 de

462 857 582 910 itin.
609 860 781 924 actuq.
801 857 946 922 μέν.
967 851 1091 908 Non
1119 849 1482 922 intelligemus
1505 864 1628 904 eum
1642 887 1658 914 ,
1682 847 1781 918 qui

465 933 568 990 iter
593 929 968 1003 complanarit,
993 927 1333 1000 depresserit,
1357 926 1781 998 exaggeraverit,

463 1009 744 1074 munierit3
781 1007 984 1081 quibus
1021 1015 1203 1063 tamen
1231 1005 1406 1062 modis
1435 1004 1537 1062 iter
1573 1005 1747 1060 faeere
1766 1046 1780 1069 ,

463 1098 519 1147 et
559 1088 776 1144 reficere
797 1086 928 1157 quis
951 1085 1168 1142 dicitur:
1193 1086 1254 1140 L.
1280 1085 1335 1140 3.
1369 1085 1428 1157 S.
1452 1083 1591 1153 fieri,
1620 1082 1689 1140 D.
1714 1083 1781 1140 do

462 1170 586 1223 itin.
611 1173 784 1238 actuq.
813 1168 956 1235 priv.
981 1163 1075 1220 sed
1111 1163 1474 1233 intelligemus
1497 1177 1621 1218 eum
1635 1199 1649 1224 ,
1688 1161 1787 1234 qui

466 1244 646 1309 iverit,
669 1259 792 1315 qum
819 1244 989 1300 altera
1017 1250 1096 1297 est
1117 1241 1234 1312 ejus
1256 1240 1408 1296 verbi
1431 1239 1787 1311 significatio,

463 1322 600 1394 quia
645 1321 758 1377 haic
807 1321 985 1378 solum
1033 1317 1287 1375 convenit
1326 1318 1590 1390 proposito
1627 1317 1786 1387 legis,

465 1417 592 1472 quae
618 1400 688 1454 de
713 1415 814 1456 usu
839 1397 1135 1461 servitutis,
1161 1412 1272 1451 non
1307 1395 1376 1451 de
1415 1395 1520 1452 loci
1541 1397 1789 1454 substan-

465 1477 541 1535 tia
571 1477 887 1548 attingenda
915 1475 1172 1548 loquitur.

545 1555 699 1611 vul.
737 1554 895 1622 Quod
933 1555 978 1610 si
1020 1559 1250 1624 utraque
1289 1551 1612 1623 significatio
1658 1549 1793 1608 vitio

468 1632 710 1690 carebit:
747 1631 907 1689 tertio
941 1632 1060 1689 loeo
1109 1631 1178 1686 ad
1221 1629 1699 1694 consuetudinem,
1734 1635 1791 1684 et

468 1712 616 1781 leges
643 1710 846 1781 priores
869 1711 1110 1766 eundum
1134 1715 1232 1764 est.
1255 1707 1320 1763 ln
1349 1707 1540 1782 primis
1563 1706 1634 1762 ad
1661 1721 1791 1762 con·

465 1789 836 1846 suetudinem.
859 1788 992 1854 Quae
1017 1786 1063 1844 si
1087 1795 1230 1844 retro
1253 1793 1398 1842 certo
1419 1786 1542 1860 jure
1581 1784 1642 1840 in
1676 1784 1789 1856 eiu·-

467 1867 644 1924 smodi
671 1865 885 1922 casibus
911 1881 1004 1921 usa
1030 1873 1122 1920 est:
1147 1861 1454 1935 praecipitur
1479 1862 1537 1918 in
1566 1863 1625 1918 L.
1650 1865 1699 1918 si
1720 1863 1784 1918 ds

466 1945 920 2014 interpretatione,
943 1943 1012 2000 D.
1035 1943 1100 1998 ds
1127 1941 1282 2012 ἱερεῦ.
1321 1941 1464 1996 banc
1485 1956 1596 1997 esse
1620 1939 1787 2010 impt-

471 2023 726 2079 ciendam
749 2063 767 2090 ,
801 2035 998 2092 nempe
1035 2028 1100 2077 ut
1135 2035 1256 2075 eam
1295 2019 1789 2092 interpretationem

467 2117 784 2172 sequamur,
807 2099 940 2172 quia
963 2098 1168 2170 optima
1206 2098 1276 2155 sit
1309 2095 1490 2169 legum
1529 2097 1792 2168 interpres

467 2179 822 2236 consuetudo.
863 2179 1026 2236 Recte
1067 2176 1271 2249 optima
1309 2175 1602 2248 interpres,
1653 2174 1784 2247 quia

467 2267 547 2316 est
574 2260 838 2320 voluntas,
861 2264 917 2313 et
941 2255 1088 2313 velut
1109 2253 1396 2312 conventio
1407 2254 1522 2326 ejus
1544 2253 1790 2318 civitatis,

467 2351 592 2408 quie
618 2337 792 2408 legem
819 2335 966 2392 tulit.
993 2334 1055 2390 L.
1095 2335 1185 2390 sed
1207 2341 1260 2389 et
1294 2345 1385 2397 ea,
1425 2331 1494 2392 D.
1529 2333 1594 2390 de
1629 2331 1788 2402 leyib.

469 2417 639 2471 Extra
680 2411 1125 2470 consuetudinem
1179 2411 1249 2468 ad
1287 2411 1430 2482 leges
1467 2410 1671 2481 priores
1708 2425 1789 2466 re-

473 2507 784 2557 curremus,
809 2499 891 2554 et,
929 2491 975 2548 si
1015 2489 1125 2548 inas
1165 2489 1615 2560 significationem
1653 2488 1791 2546 refe-

471 2579 598 2628 rent
622 2570 693 2625 ad
719 2580 888 2628 certas
913 2583 1176 2642 personas,
1201 2577 1298 2626 aut
1321 2577 1490 2624 certas
1519 2581 1619 2623 res:
1645 2581 1790 2623 eam-

469 2651 598 2705 dem
637 2647 1088 2720 significationem
1125 2647 1184 2704 in
1227 2645 1606 2721 posterioribus
1641 2653 1791 2703 tene-

469 2727 685 2791 bimus,
711 2726 866 2799 quasi
893 2726 1206 2799 posteriores
1236 2724 1564 2795 legislatores
1589 2724 1648 2781 in
1674 2738 1791 2780 ver-

469 2808 675 2863 borum
705 2820 802 2861 usu
829 2820 951 2861 eam
975 2803 1423 2874 significationem
1457 2802 1624 2859 secuti
1647 2801 1790 2870 sint,

383 2938 394 2959 ,
469 2900 582 2957 qua
612 2883 818 2955 priores
855 2882 998 2954 leges
1039 2898 1144 2937 usai
1167 2888 1324 2941 sunt:
1361 2880 1491 2953 quia
1533 2879 1608 2939 ita
1637 2880 1790 2952 loqui

469 2962 689 3017 civibus
725 2960 995 3032 expediat,
1019 2960 1118 3032 qui
1141 2960 1214 3015 ita
1241 2960 1422 3016 verbis
1449 2958 1530 3019 uti
1555 2974 1624 3014 ex
1649 2959 1794 3029 prio-

471 3040 630 3096 ribus
657 3039 998 3101 didieerunt‚
1035 3044 1090 3093 et
1127 3038 1389 3111 pertineat
1427 3037 1500 3093 ad
1534 3038 1795 3094 tuendam

471 3118 820 3189 dignitatem,
845 3123 898 3173 et
925 3115 1294 3173 auctoritatem
1321 3115 1566 3186 priorum
1591 3116 1791 3186 legum.

469 3197 632 3263 Quod
655 3195 912 3252 omnibus
931 3193 1090 3250 bonis
1113 3192 1424 3265 reipublic&
1449 3192 1793 3251 administra-

469 3274 687 3329 toribus
729 3272 1060 3345 propositum
1100 3288 1209 3329 esse
1241 3272 1416 3328 debet.
1456 3270 1528 3328 Et
1551 3270 1653 3327 hoc
1690 3278 1794 3337 est,

470 3352 622 3423 quod
654 3352 792 3407 bene
818 3352 1027 3408 dictum
1054 3356 1131 3407 est
1153 3350 1212 3406 in
1240 3350 1304 3406 L.
1323 3350 1444 3407 ideo
1463 3352 1613 3422 qm,
1637 3349 1707 3407 D.
1728 3352 1793 3407 ds

472 3430 634 3499 legib.
665 3443 872 3501 semper
897 3428 1054 3501 quasi
1079 3428 1182 3485 hoc
1205 3427 1416 3499 legibus
1439 3427 1608 3484 inesse
1641 3428 1793 3483 credi

471 3515 736 3579 oportere,
761 3514 822 3563 ut
848 3508 918 3564 ad
958 3522 1045 3563 eas
1083 3520 1304 3579 quoque
1341 3522 1622 3578 personas,
1645 3513 1701 3563 et
1724 3506 1795 3562 ad

473 3602 564 3642 eas
593 3602 678 3641 res
703 3586 1038 3655 pertineant,
1063 3600 1187 3657 quai
1223 3584 1554 3655 quandoque
1593 3584 1797 3642 similes

471 3671 658 3719 erunt.
717 3662 1008 3735 Utriusque
1047 3660 1504 3733 interpretationis
1559 3678 1627 3719 ex
1663 3678 1791 3718 oon·

469 3739 788 3802 suetudine.
827 3751 880 3797 et
915 3741 1187 3813 prioribus
1226 3740 1437 3810 legibus
1459 3748 1685 3812 sumptae
1722 3740 1793 3797 sit

470 3820 574 3877 hoc
599 3820 924 3891 exemplum.
962 3819 1225 3886 Quaedam
1247 3832 1494 3875 concessa
1520 3826 1646 3875 sunt
1665 3818 1791 3890 jure

469 3899 603 3955 filiis
627 3900 932 3962 consulum,
957 3906 1052 3953 aut
1076 3896 1428 3952 decurionum
1457 3896 1691 3969 alicujus
1717 3896 1793 3953 ci·

468 3973 660 4033 vitatis.
689 3976 750 4031 L.
776 3977 830 4032 2.
873 3976 931 4049 S.
977 3977 1026 4031 1.
1053 3975 1123 4031 D.
1159 3976 1224 4030 de
1247 3976 1422 4030 ἄεσαν.
1455 3973 1628 4032 Filius
1666 3990 1792 4031 con-

468 4056 620 4117 sulis,
643 4060 739 4111 aut
765 4054 1070 4111 decurionis
1094 4052 1386 4123 dupliciter
1413 4052 1582 4125 accipi
1609 4060 1792 4123 potest,

467 4132 552 4189 vel
583 4139 642 4188 ut
667 4131 1035 4203 intelligatur,
1075 4132 1174 4203 qui
1226 4138 1386 4186 natus
1418 4138 1494 4188 est
1533 4147 1596 4187 eo
1621 4140 1787 4203 patre,

341 4259 348 4277 ,,
469 4211 572 4282 qui
595 4210 802 4275 consul,
829 4218 926 4267 aut
951 4210 1174 4267 decurio
1197 4217 1339 4265 erat:
1365 4210 1449 4267 vel
1477 4216 1536 4267 ut
1575 4208 1649 4275 is,
1688 4210 1789 4281 qui

468 4296 628 4345 natus
663 4294 738 4345 est
773 4298 922 4359 patre
963 4290 1199 4360 plebeio,
1241 4288 1394 4358 cujus
1429 4294 1578 4360 pater
1613 4296 1791 4360 postea

469 4368 673 4429 consul,
702 4370 797 4423 aut
821 4367 1040 4421 decurio
1066 4365 1237 4423 sactus
1261 4364 1344 4423 sit.
1387 4366 1580 4423 Utrum
1605 4382 1792 4439 seque*

471 4446 622 4500 mur?
664 4445 808 4502 Nam
835 4452 1130 4517 utrumque
1153 4446 1270 4504 sine
1295 4445 1428 4503 vitio
1465 4445 1598 4517 legis
1620 4444 1793 4516 accipi

535 4618 608 4753 (53)
641 4619 875 4673 Tametsi
898 4620 1145 4675 Claudius
1177 4622 1374 4677 David.
1409 4627 1470 4677 in
1499 4626 1622 4676 Vel.
1649 4628 1779 4692 leg.

473 4686 550 4761 ⁰5!
611 4720 622 4732 .
647 4686 698 4736 6.
723 4690 868 4739 Inst.
893 4688 960 4739 de
991 4692 1040 4743 I.
1065 4694 1133 4743 N.
1169 4710 1224 4741 n.
1259 4706 1312 4755 9.
1345 4688 1594 4741 beneficia
1631 4692 1779 4756 prin-

469 4766 644 4815 cipum
679 4749 982 4816 plenissime
1028 4754 1428 4821 interpretanda
1461 4754 1638 4819 dicat,
1674 4772 1783 4809 uon

1271 187 1592 256 HUGONts
1631 193 1947 254 DONELLI
1985 190 2355 252 Gonnum.

3020 195 3119 253 ¹32

1854 307 2037 372 potest.
2064 297 2328 362 Dicemus,
2352 295 2589 368 siquem
2616 311 2685 351 ex
2720 294 2803 352 his
2836 295 2891 352 in
2916 296 3002 354 ista
3030 287 3122 373 'ap-

1854 378 2142 452 pellatione
2168 384 2263 432 aut
2286 376 2639 438 consuetudo,
2668 381 2761 430 aut
2800 374 2929 446 leges
2949 377 3123 448 priores

1854 457 2221 528 designarunt:
2246 455 2393 511 bunc
2409 453 2797 524 accipiendum.
2824 454 2943 509 ldeo
2954 463 3121 512 etcum

1856 536 2047 598 solum,
2072 534 2169 604 qui
2200 541 2351 604 patre
2372 535 2486 604 jam
2512 539 2627 587 tum
2646 531 2857 588 consule
2880 542 3022 588 natus
3042 541 3121 596 est,

1856 613 1901 668 si
1928 611 2029 668 hoc
2054 612 2161 669 illae
2188 612 2516 684 probarunt,
2550 608 2797 681 quamtis
2820 610 2913 666 hac
2946 609 3127 682 signill-

1858 691 2073 747 catione
2098 690 2423 748 beneficium
2450 688 2753 760 posterioris
2784 689 2909 760 legis
2930 691 2992 744 ad
3014 705 3126 761 pau-

1858 769 2023 846 ciores
2048 769 2325 840 pertineat.

1936 845 2033 902 IX.
2069 845 2225 913 Quod
2251 846 2293 902 si
2322 845 2463 902 nihil
2490 845 2717 901 dabitur
2748 861 2812 901 ex
2846 844 2969 900 locis
3000 861 3139 917 supe.

1856 925 2090 982 rioribus
2126 924 2195 981 ad
2220 924 2609 996 conjecturam,
2646 930 2699 979 et
2726 923 3035 980 voluntatem
3068 925 3133 981 le·

1856 1003 1937 1073 gis
1960 1001 2355 1072 explicandam:
2381 1003 2689 1059 faciendum
2712 1009 2789 1058 est
2818 1009 3000 1070 quarto
3018 1001 3136 1066 Ιοοο,

1856 1082 2003 1154 quod
2030 1081 2226 1153 regulae
2247 1080 2385 1152 juris
2408 1079 2728 1152 praecipiunt
2751 1079 2909 1135 variis
2932 1080 3131 1152 quidem

1863 1159 2069 1223 verbis,
2110 1159 2297 1216 eadem
2337 1167 2521 1216 tamen
2562 1157 2853 1214 sententia:
2894 1158 2955 1214 In
2978 1159 3131 1214 dubiis

1860 1237 2176 1308 beniqm'om
2213 1238 2549 1315 ⁴urerer-emta
2586 1245 2724 1293 sunt
2766 1236 2827 1292 L.
2862 1251 3055 1308 semper
3086 1235 3136 1290 in

1863 1316 2062 1382 dubiis,
2086 1315 2149 1371 D.
2178 1317 2245 1372 de
2270 1333 2378 1387 reg.
2399 1315 2507 1387 jur.
2532 1315 2599 1371 In
2632 1330 2693 1370 re
2718 1315 2879 1370 dubia
2902 1315 3139 1384 myndo-

1862 1411 1975 1454 νοω
1998 1399 2477 1465 interpretantium
2507 1393 2655 1464 sequi
2676 1393 2947 1448 debemus.
2986 1394 3040 1449 L.
3073 1407 3143 1456 es,

1866 1487 1985 1546 quo
2004 1476 2066 1530 in
2080 1479 2291 1544 partes,
2316 1475 2375 1546 S.
2402 1473 2453 1529 1.
2494 1471 2561 1528 D.
2584 1471 2701 1527 eod.
2738 1471 3001 1542 capienda
3021 1487 3143 1527 σωσ-

1866 1555 1949 1608 sio
1974 1559 2064 1618 est,
2087 1567 2207 1622 quo
2216 1551 2417 1621 prebet
2451 1551 2730 1620 beniynt‘us
2756 1565 3062 1620 nsponsunt.
3092 1549 3145 1605 1..

1866 1630 2142 1702 capienda,
2166 1630 2255 1686 vel
2280 1627 2553 1702 rapienda.
2580 1627 2648 1684 D.
2678 1631 2790 1684 eod.
2817 1628 2983 1699 quue
3004 1627 3069 1684 ita
3092 1628 3142 1683 in

1862 1707 2137 1780 superiore
2174 1708 2425 1779 exemplo
2474 1722 2507 1763 a
2558 1707 2830 1764 veteribus
2869 1705 3057 1761 sactum
3082 1705 3147 1762 vi·

1864 1786 2069 1844 demus.
2106 1785 2248 1842 Nam
2267 1825 2282 1852 ,
2332 1801 2461 1843 cum
2499 1784 2568 1840 de
2616 1785 2747 1842 filiis
2784 1784 3116 1841 decurionum
3134 1825 3149 1848 ,

1860 1864 1959 1936 qui
1986 1864 2341 1921 nominantur
2366 1865 2423 1922 in
2439 1865 2572 1933 lege.
2598 1869 2654 1920 et
2678 1863 2883 1934 quibus
2896 1862 3025 1934 quid
3048 1861 3148 1931 lege

1860 1943 2150 2010 tribuitur,
2177 1941 2316 2000 nihil
2344 1943 2631 2000 definitum
2666 1947 3049 2015 proponeretur
3070 1947 3150 1996 aut

1864 2021 2277 2085 consuetudine,
2304 2029 2395 2078 aut
2420 2019 2692 2095 prioribus
2728 2020 2973 2090 legibus,
2995 2033 3095 2091 quo
3114 2019 3153 2074 is

1864 2099 2273 2172 intelligeretur,
2297 2100 2395 2172 qui
2421 2107 2579 2156 natus
2602 2107 2735 2155 esset
2762 2097 3037 2171 patre-jam
3049 2103 3150 2152 tum

1864 2179 2153 2236 decurione
2180 2197 2193 2233 :
2232 2179 2465 2252 placuit,
2500 2193 2647 2233 eum·
2666 2178 2841 2249 accipi
2879 2177 3036 2233 etiam
3070 2174 3153 2246 qui

1864 2273 1932 2313 ex
1957 2258 2167 2330 plebeio
2203 2267 2363 2314 natus
2398 2263 2501 2321 est,
2526 2257 2679 2328 cujus
2710 2265 2869 2328 pater
2900 2261 2976 2310 est
2998 2261 3155 2325 postca

1866 2335 2087 2392 decurio
2115 2337 2301 2402 faetus,
2323 2343 2375 2392 et
2400 2351 2548 2392 nune
2572 2341 2666 2390 est.
2692 2335 2801 2391 Sed
2830 2345 2882 2391 et
2908 2349 3046 2398 eum,
3066 2331 3155 2403 qni

1866 2421 2015 2484 patre
2036 2413 2326 2472 decurione
2352 2421 2533 2480 natus,
2558 2419 2652 2469 aut
2674 2419 2964 2484 conceptus
2988 2419 3074 2474 est,
3093 2418 3159 2465 ta·

1866 2491 2021 2548 mctsi
2046 2501 2199 2566 pater
2220 2494 2336 2566 ejus
2359 2499 2533 2564 postea
2570 2492 2643 2547 ob
2678 2492 2945 2548 delictum
2983 2487 3155 2546 ordine

1866 2577 2045 2629 motus
2067 2572 2153 2629 sit.
2178 2573 2359 2644 Atque
2384 2572 2496 2628 haec
2520 2570 2657 2637 ideo,
2680 2571 2816 2642 quia
2844 2569 3073 2641 benigna
3096 2575 3165 2623 est

1866 2648 2251 2722 interpretatio,
2274 2666 2397 2722 quae
2420 2657 2475 2706 et
2503 2666 2572 2705 ex
2596 2650 2778 2707 verbis
2803 2648 2969 2722 recipi
2996 2651 3159 2719 potest.

1866 2736 1927 2785 ut
1950 2727 2233 2786 disseritur
2270 2728 2331 2785 in
2354 2732 2407 2787 d.
2448 2728 2513 2786 1..
2550 2728 2607 2785 2.
2630 2728 2689 2803 S.
2730 2729 2785 2785 1.
2812 2728 2881 2784 D.
2921 2728 2983 2784 de
3006 2728 3165 2782 decer.
3207 2782 3216 2791 ,

1864 2804 1995 2862 item
2020 2808 2083 2864 in
2122 2806 2390 2873 Linon-ts,
2422 2806 2634 2881 §.pem
2667 2800 3167 2879 naopmseni-

1866 2884 2027 2955 gnior
2048 2885 2418 2956 interpretatio
2457 2893 2561 2949 est,
2595 2885 2727 2956 quia
2765 2882 3085 2941 humanior:
3118 2884 3165 2935 et

1870 2960 1993 3018 ideo
2018 2962 2327 3028 humanior,
2349 2964 2479 3036 quia
2507 2978 2603 3035 per
2626 2964 2776 3019 hanc
2800 2962 2867 3019 fit
2884 3004 2899 3029 ,
2940 2968 3002 3017 ut
3024 2961 3169 3016 bene·

1870 3040 2058 3099 ficium
2085 3042 2217 3111 legis
2230 3042 2299 3097 ad
2326 3043 2505 3114 plures
2520 3040 2804 3114 pertineat,
2831 3042 3015 3114 plures
3036 3054 3065 3093 a
3090 3036 3171 3092 de·

1867 3119 2059 3175 decore
2106 3119 2361 3183 familiai,
2400 3129 2455 3177 et
2494 3134 2783 3191 poenarum
2822 3118 3172 3175 vindicentur.

1868 3194 1960 3253 &t
1984 3206 2165 3254 autem
2200 3198 2305 3255 boc
2330 3199 2569 3254 maxime
2604 3196 2995 3262 humanitatis,
3016 3206 3169 3266 quam

1868 3274 2121 3345 plurimis
2154 3276 2397 3348 prodesse
2413 3318 2428 3339 ,
2464 3282 2517 3333 et
2555 3278 2857 3347 praeoenim
2896 3270 3175 3333 laboranti-

1871 3353 1988 3417 bus,
2020 3364 2097 3424 ne
2136 3352 2195 3409 in
2234 3352 2456 3425 aliquod
2497 3356 2765 3410 damnum
2788 3355 2970 3415 famae,
2992 3360 3084 3407 aut
3104 3346 3177 3403 rei

1870 3430 2154 3488 familiaris
2192 3431 2473 3489 incidant:
2510 3433 2671 3497 adeo,
2710 3438 2777 3489 ut
2817 3431 3029 3488 dictum
3050 3428 3113 3483 sit
3143 3439 3174 3480 a

1872 3508 2202 3580 Papiniano,
2238 3510 2400 3566 etiam
2440 3510 2692 3566 interesse
2730 3509 2983 3567 hominis
3018 3502 3180 3563 homi·

1874 3604 2001 3643 nem
2030 3588 2288 3645 beneflcio
2328 3588 2487 3645 affici.
2528 3588 2589 3645 L.
2614 3604 2831 3651 seruus,
2862 3588 2932 3645 D.
2954 3588 3021 3645 de
3056 3596 3177 3641 serv·

1866 3674 2070 3735 capot-t.
2110 3664 2233 3723 Non
2262 3665 2478 3730 dubito,
2518 3666 2655 3737 quin
2684 3668 2758 3721 ad
2786 3666 2938 3722 hane
2974 3676 3183 3735 quoque

1868 3742 2360 3816 interpretationem
2388 3752 2529 3801 recte
2554 3744 2827 3801 referatur
2844 3784 2860 3809 ,
2883 3742 3033 3815 quod
3060 3740 3181 3795 dici·

1867 3828 1974 3884 tur,
2000 3821 2287 3892 benignius
2320 3823 2461 3893 leges
2498 3838 2607 3879 esse
2650 3820 3092 3894 interpretandas
3124 3817 3179 3872 in

1868 3899 1931 3954 L.
1952 3898 2250 3971 bonimius,
2276 3901 2345 3957 D.
2370 3903 2435 3957 de
2462 3900 2618 3970 leyt'b.
2654 3900 2807 3973 quod
2836 3916 3003 3972 supra
3028 3898 3095 3953 de
3116 3897 3187 3951 le-

1868 3976 2029 4047 gibus
2050 3977 2305 4050 aequitate
2330 3978 2691 4050 temperandis
2713 3994 2843 4035 sum
2876 3979 3185 4048 interpreta-

1868 4062 1969 4111 tus.
1993 4055 2298 4129 Utrumque
2323 4060 2486 4113 verba
2519 4057 2840 4114 admittunt.
2884 4056 3029 4113 Nam
3054 4052 3195 4111 beni-

1860 4136 2045 4201 ,onitas
2084 4142 2139 4191 et
2175 4136 2484 4207 aequitatem
2518 4134 2821 4206 signifieat,
2850 4143 2905 4192 et
2944 4130 3189 4190 humani·

1864 4218 2045 4270 tatem.

1946 4290 2015 4347 X.
2056 4292 2119 4347 In
2148 4290 2424 4348 beneficiis
2461 4292 2773 4364 principum
2790 4334 2807 4357 ,
2852 4308 2984 4349 cum
3025 4289 3093 4345 de
3127 4286 3193 4341 si-

1868 4366 2212 4437 gnificatione
2248 4371 2541 4425 verborum
2581 4370 2893 4441 ambigitur
2908 4411 2925 4437 ,
2951 4369 3055 4425 hoc
3078 4378 3193 4437 pro-

1870 4446 1985 4518 prie
2022 4456 2261 4507 servatur
2300 4448 2373 4525 (5)
2410 4447 2553 4505 circa
2592 4449 2999 4521 benignitatem
3038 4444 3197 4502 inter-

1859 4626 1995 4691 quod
2034 4625 2193 4679 latius
2226 4628 2339 4679 sint
2372 4626 2676 4693 exponenda
2694 4663 2714 4688 ,
2748 4624 2881 4691 quia
2920 4614 3199 4689 privilegia

1859 4691 2101 4741 strictam
2132 4694 2359 4743 babeant
2384 4690 2921 4757 interpretationem:
2952 4686 3041 4737 scd
3060 4678 3201 4749 quod

1859 4756 2171 4809 accuratiori
2209 4757 2447 4811 examine
2478 4756 2781 4825 indigeant.
2819 4752 3027 4806 Sensus
3060 4754 3203 4799 certe
