<?xml version="1.0" encoding="UTF-8"?>
<!DOCTYPE html PUBLIC "-//W3C//DTD XHTML 1.0 Transitional//EN"
    "http://www.w3.org/TR/xhtml1/DTD/xhtml1-transitional.dtd">
<html xmlns="http://www.w3.org/1999/xhtml" xml:lang="en" lang="en">
 <head>
  <title>
</title>
<meta http-equiv="Content-Type" content="text/html;charset=utf-8" />
  <meta name='ocr-system' content='tesseract 3.04.00' />
  <meta name='ocr-capabilities' content='ocr_page ocr_carea ocr_par ocr_line ocrx_word'/>
</head>
<body>
  <div class='ocr_page' id='page_1' title='image "./hugonisdonellio00riccgoog_0023.png"; bbox 0 0 3327 5214; ppageno 0'>
   <div class='ocr_carea' id='block_1_1' title="bbox 347 93 3123 185">
    <p class='ocr_par' dir='ltr' id='par_1_1' title="bbox 347 93 3123 185">
     <span class='ocr_line' id='line_1_1' title="bbox 347 93 3123 185; baseline -0.001 -30"><span class='ocrx_word' id='word_1_1' title='bbox 347 172 356 185; x_wconf 44' lang='grc'><em>,</em></span> <span class='ocrx_word' id='word_1_2' title='bbox 399 101 462 155; x_wconf 79' lang='lat'><strong>··7</strong></span> <span class='ocrx_word' id='word_1_3' title='bbox 1235 97 1554 157; x_wconf 70' lang='lat' dir='ltr'><strong>nuooms</strong></span> <span class='ocrx_word' id='word_1_4' title='bbox 1593 93 1907 155; x_wconf 51' lang='lat' dir='ltr'><strong>mauu</strong></span> <span class='ocrx_word' id='word_1_5' title='bbox 1946 95 2317 155; x_wconf 68' lang='lat' dir='ltr'><strong>comem.</strong></span> <span class='ocrx_word' id='word_1_6' title='bbox 3082 99 3123 152; x_wconf 74' lang='lat' dir='ltr'><strong>a</strong></span> 
     </span>
    </p>
   </div>
   <div class='ocr_carea' id='block_1_2' title="bbox 369 201 1743 1751">
    <p class='ocr_par' dir='ltr' id='par_1_2' title="bbox 369 201 1743 1751">
     <span class='ocr_line' id='line_1_2' title="bbox 425 201 1731 276; baseline -0.002 -17"><span class='ocrx_word' id='word_1_7' title='bbox 425 203 712 273; x_wconf 86' lang='lat' dir='ltr'><strong>quomodo.</strong></span> <span class='ocrx_word' id='word_1_8' title='bbox 735 209 830 260; x_wconf 84' lang='lat' dir='ltr'><strong>aut</strong></span> <span class='ocrx_word' id='word_1_9' title='bbox 852 217 960 276; x_wconf 87' lang='lat' dir='ltr'><strong>quo</strong></span> <span class='ocrx_word' id='word_1_10' title='bbox 983 203 1174 259; x_wconf 81' lang='lat' dir='ltr'><strong>ordine</strong></span> <span class='ocrx_word' id='word_1_11' title='bbox 1197 202 1265 258; x_wconf 89' lang='lat' dir='ltr'><strong>de</strong></span> <span class='ocrx_word' id='word_1_12' title='bbox 1288 203 1376 258; x_wconf 80' lang='lat' dir='ltr'><strong>his</strong></span> <span class='ocrx_word' id='word_1_13' title='bbox 1397 201 1624 259; x_wconf 57' lang='lat' dir='ltr'><strong>dicitur?</strong></span> <span class='ocrx_word' id='word_1_14' title='bbox 1653 201 1731 256; x_wconf 83' lang='lat' dir='ltr'><strong>De</strong></span> 
     </span>
     <span class='ocr_line' id='line_1_3' title="bbox 427 280 1734 352; baseline 0.001 -15"><span class='ocrx_word' id='word_1_15' title='bbox 427 297 619 351; x_wconf 79' lang='lat' dir='ltr'>genere</span> <span class='ocrx_word' id='word_1_16' title='bbox 657 280 997 352; x_wconf 78' lang='lat' dir='ltr'><strong>obligationis</strong></span> <span class='ocrx_word' id='word_1_17' title='bbox 1023 282 1078 337; x_wconf 91' lang='lat' dir='ltr'><strong>in</strong></span> <span class='ocrx_word' id='word_1_18' title='bbox 1119 289 1357 337; x_wconf 80' lang='lat' dir='ltr'><strong>extrema</strong></span> <span class='ocrx_word' id='word_1_19' title='bbox 1397 290 1545 352; x_wconf 87' lang='lat' dir='ltr'><strong>parte</strong></span> <span class='ocrx_word' id='word_1_20' title='bbox 1569 287 1734 338; x_wconf 78' lang='lat' dir='ltr'><strong>sexta.</strong></span> 
     </span>
     <span class='ocr_line' id='line_1_4' title="bbox 429 359 1736 430; baseline -0.002 -16"><span class='ocrx_word' id='word_1_21' title='bbox 429 360 586 415; x_wconf 87' lang='lat' dir='ltr'><strong>titulo</strong></span> <span class='ocrx_word' id='word_1_22' title='bbox 610 360 678 415; x_wconf 85' lang='lat' dir='ltr'><strong>ad</strong></span> <span class='ocrx_word' id='word_1_23' title='bbox 705 376 826 416; x_wconf 87' lang='lat' dir='ltr'><strong>eam</strong></span> <span class='ocrx_word' id='word_1_24' title='bbox 864 375 976 414; x_wconf 88' lang='lat' dir='ltr'><strong>rem</strong></span> <span class='ocrx_word' id='word_1_25' title='bbox 1003 365 1307 430; x_wconf 85' lang='lat' dir='ltr'><strong>comparato</strong></span> <span class='ocrx_word' id='word_1_26' title='bbox 1338 359 1415 414; x_wconf 78' lang='lat' dir='ltr'><strong>De</strong></span> <span class='ocrx_word' id='word_1_27' title='bbox 1441 359 1736 426; x_wconf 66' lang='lat' dir='ltr'><strong>Obliyatio-</strong></span> 
     </span>
     <span class='ocr_line' id='line_1_5' title="bbox 425 437 1737 508; baseline -0.001 -18"><span class='ocrx_word' id='word_1_28' title='bbox 425 439 598 500; x_wconf 72' lang='lat' dir='ltr'><strong>nibus,</strong></span> <span class='ocrx_word' id='word_1_29' title='bbox 619 445 670 492; x_wconf 81' lang='lat' dir='ltr'><strong>et</strong></span> <span class='ocrx_word' id='word_1_30' title='bbox 693 438 996 493; x_wconf 74' lang='lat' dir='ltr'><strong>actionibus.</strong></span> <span class='ocrx_word' id='word_1_31' title='bbox 1022 437 1230 507; x_wconf 74' lang='lat' dir='ltr'><strong>Species</strong></span> <span class='ocrx_word' id='word_1_32' title='bbox 1255 437 1396 508; x_wconf 77' lang='lat' dir='ltr'><strong>ipsae</strong></span> <span class='ocrx_word' id='word_1_33' title='bbox 1419 452 1528 490; x_wconf 93' lang='lat' dir='ltr'><strong>non</strong></span> <span class='ocrx_word' id='word_1_34' title='bbox 1557 453 1622 490; x_wconf 82' lang='lat' dir='ltr'><strong>ex</strong></span> <span class='ocrx_word' id='word_1_35' title='bbox 1651 451 1737 505; x_wconf 86' lang='lat' dir='ltr'><strong>ge-</strong></span> 
     </span>
     <span class='ocr_line' id='line_1_6' title="bbox 431 513 1737 586; baseline 0.001 -17"><span class='ocrx_word' id='word_1_36' title='bbox 431 531 557 570; x_wconf 82' lang='lat' dir='ltr'><strong>nere</strong></span> <span class='ocrx_word' id='word_1_37' title='bbox 580 513 869 579; x_wconf 70' lang='lat' dir='ltr'><strong>accersitae,</strong></span> <span class='ocrx_word' id='word_1_38' title='bbox 891 517 980 570; x_wconf 84' lang='lat' dir='ltr'><strong>sed</strong></span> <span class='ocrx_word' id='word_1_39' title='bbox 1007 514 1322 586; x_wconf 86' lang='lat' dir='ltr'><strong>simpliciter</strong></span> <span class='ocrx_word' id='word_1_40' title='bbox 1359 514 1538 584; x_wconf 63' lang='lat' dir='ltr'><strong>positae</strong></span> <span class='ocrx_word' id='word_1_41' title='bbox 1563 515 1737 570; x_wconf 80' lang='lat' dir='ltr'><strong>multo</strong></span> 
     </span>
     <span class='ocr_line' id='line_1_7' title="bbox 430 589 1741 665; baseline 0 -18"><span class='ocrx_word' id='word_1_42' title='bbox 430 602 556 648; x_wconf 84' lang='lat' dir='ltr'><strong>ante</strong></span> <span class='ocrx_word' id='word_1_43' title='bbox 580 593 1010 665; x_wconf 88' lang='lat' dir='ltr'><strong>praemittuntur:</strong></span> <span class='ocrx_word' id='word_1_44' title='bbox 1035 593 1126 647; x_wconf 89' lang='lat' dir='ltr'><strong>sed</strong></span> <span class='ocrx_word' id='word_1_45' title='bbox 1149 601 1203 648; x_wconf 89' lang='lat' dir='ltr'><strong>et</strong></span> <span class='ocrx_word' id='word_1_46' title='bbox 1228 593 1309 648; x_wconf 67' lang='lat' dir='ltr'><strong>hae</strong></span> <span class='ocrx_word' id='word_1_47' title='bbox 1325 591 1452 662; x_wconf 68' lang='lat' dir='ltr'><strong>ipsae</strong></span> <span class='ocrx_word' id='word_1_48' title='bbox 1473 589 1741 648; x_wconf 76' lang='lat' dir='ltr'><strong>confusio·-</strong></span> 
     </span>
     <span class='ocr_line' id='line_1_8' title="bbox 432 669 1740 742; baseline 0.001 -18"><span class='ocrx_word' id='word_1_49' title='bbox 432 687 517 734; x_wconf 89' lang='lat' dir='ltr'><strong>ne‚</strong></span> <span class='ocrx_word' id='word_1_50' title='bbox 541 678 594 725; x_wconf 83' lang='lat' dir='ltr'><strong>et</strong></span> <span class='ocrx_word' id='word_1_51' title='bbox 618 669 952 742; x_wconf 71' lang='lat' dir='ltr'><strong>perversione</strong></span> <span class='ocrx_word' id='word_1_52' title='bbox 977 677 1142 733; x_wconf 86' lang='lat' dir='ltr'><strong>tanta,</strong></span> <span class='ocrx_word' id='word_1_53' title='bbox 1167 677 1230 724; x_wconf 81' lang='lat' dir='ltr'><strong>ut</strong></span> <span class='ocrx_word' id='word_1_54' title='bbox 1255 671 1404 726; x_wconf 86' lang='lat' dir='ltr'><strong>nulla</strong></span> <span class='ocrx_word' id='word_1_55' title='bbox 1425 670 1601 741; x_wconf 83' lang='lat' dir='ltr'><strong>major</strong></span> <span class='ocrx_word' id='word_1_56' title='bbox 1623 685 1740 740; x_wconf 84' lang='lat' dir='ltr'><strong>pos-</strong></span> 
     </span>
     <span class='ocr_line' id='line_1_9' title="bbox 431 747 1739 819; baseline 0 -17"><span class='ocrx_word' id='word_1_57' title='bbox 431 747 500 802; x_wconf 82' lang='lat' dir='ltr'><strong>sit</strong></span> <span class='ocrx_word' id='word_1_58' title='bbox 525 749 762 819; x_wconf 87' lang='lat' dir='ltr'><strong>reperiri.</strong></span> <span class='ocrx_word' id='word_1_59' title='bbox 789 747 864 803; x_wconf 88' lang='lat' dir='ltr'><strong>De</strong></span> <span class='ocrx_word' id='word_1_60' title='bbox 887 747 1248 803; x_wconf 84' lang='lat' dir='ltr'><strong>contractibus</strong></span> <span class='ocrx_word' id='word_1_61' title='bbox 1260 747 1438 817; x_wconf 87' lang='lat' dir='ltr'><strong>agitur</strong></span> <span class='ocrx_word' id='word_1_62' title='bbox 1460 756 1611 819; x_wconf 80' lang='lat' dir='ltr'><strong>parte</strong></span> <span class='ocrx_word' id='word_1_63' title='bbox 1639 757 1739 802; x_wconf 89' lang='lat' dir='ltr'><strong>ter-</strong></span> 
     </span>
     <span class='ocr_line' id='line_1_10' title="bbox 433 825 1737 898; baseline -0.001 -18"><span class='ocrx_word' id='word_1_64' title='bbox 433 825 524 888; x_wconf 83' lang='lat' dir='ltr'><strong>tia,</strong></span> <span class='ocrx_word' id='word_1_65' title='bbox 549 835 601 883; x_wconf 90' lang='lat' dir='ltr'><strong>et</strong></span> <span class='ocrx_word' id='word_1_66' title='bbox 625 836 834 898; x_wconf 87' lang='lat' dir='ltr'><strong>quarta.</strong></span> <span class='ocrx_word' id='word_1_67' title='bbox 870 827 942 881; x_wconf 76' lang='lat' dir='ltr'><strong>At</strong></span> <span class='ocrx_word' id='word_1_68' title='bbox 965 841 1072 897; x_wconf 92' lang='lat' dir='ltr'><strong>quo</strong></span> <span class='ocrx_word' id='word_1_69' title='bbox 1097 825 1287 880; x_wconf 77' lang='lat' dir='ltr'>ordine</span> <span class='ocrx_word' id='word_1_70' title='bbox 1311 827 1528 882; x_wconf 82' lang='lat' dir='ltr'><strong>tandem</strong></span> <span class='ocrx_word' id='word_1_71' title='bbox 1545 825 1574 879; x_wconf 65' lang='grc' dir='ltr'><strong><em>Ὺ</em></strong></span> <span class='ocrx_word' id='word_1_72' title='bbox 1613 825 1737 880; x_wconf 88' lang='lat' dir='ltr'><strong>Non</strong></span> 
     </span>
     <span class='ocr_line' id='line_1_11' title="bbox 431 901 1743 969; baseline -0.002 -11"><span class='ocrx_word' id='word_1_73' title='bbox 431 903 591 959; x_wconf 79' lang='lat' dir='ltr'><strong>modo</strong></span> <span class='ocrx_word' id='word_1_74' title='bbox 619 905 790 969; x_wconf 86' lang='lat' dir='ltr'><strong>nullo,</strong></span> <span class='ocrx_word' id='word_1_75' title='bbox 803 905 891 960; x_wconf 88' lang='lat' dir='ltr'><strong>sed</strong></span> <span class='ocrx_word' id='word_1_76' title='bbox 917 904 1079 960; x_wconf 87' lang='lat' dir='ltr'><strong>etiam</strong></span> <span class='ocrx_word' id='word_1_77' title='bbox 1101 902 1192 964; x_wconf 68' lang='lat' dir='ltr'><strong>itaz</strong></span> <span class='ocrx_word' id='word_1_78' title='bbox 1215 912 1278 958; x_wconf 88' lang='lat' dir='ltr'><strong>ut</strong></span> <span class='ocrx_word' id='word_1_79' title='bbox 1291 901 1573 959; x_wconf 82' lang='lat' dir='ltr'><strong>videantur</strong></span> <span class='ocrx_word' id='word_1_80' title='bbox 1597 916 1743 958; x_wconf 86' lang='lat' dir='ltr'><strong>eom-</strong></span> 
     </span>
     <span class='ocr_line' id='line_1_12' title="bbox 415 978 1743 1051; baseline -0.002 -14"><span class='ocrx_word' id='word_1_81' title='bbox 415 981 684 1051; x_wconf 71' lang='lat' dir='ltr'><strong>&#39;positores</strong></span> <span class='ocrx_word' id='word_1_82' title='bbox 707 982 776 1038; x_wconf 89' lang='lat' dir='ltr'><strong>de</strong></span> <span class='ocrx_word' id='word_1_83' title='bbox 813 979 1077 1038; x_wconf 85' lang='lat' dir='ltr'><strong>industria</strong></span> <span class='ocrx_word' id='word_1_84' title='bbox 1115 995 1300 1036; x_wconf 84' lang='lat' dir='ltr'><strong>omnes</strong></span> <span class='ocrx_word' id='word_1_85' title='bbox 1323 980 1518 1050; x_wconf 87' lang='lat' dir='ltr'><strong>species</strong></span> <span class='ocrx_word' id='word_1_86' title='bbox 1553 980 1613 1036; x_wconf 89' lang='lat' dir='ltr'><strong>in</strong></span> <span class='ocrx_word' id='word_1_87' title='bbox 1655 978 1743 1034; x_wconf 85' lang='lat' dir='ltr'><strong>his</strong></span> 
     </span>
     <span class='ocr_line' id='line_1_13' title="bbox 434 1057 1741 1130; baseline -0.002 -15"><span class='ocrx_word' id='word_1_88' title='bbox 434 1060 752 1130; x_wconf 81' lang='lat' dir='ltr'><strong>perturbare</strong></span> <span class='ocrx_word' id='word_1_89' title='bbox 775 1058 1016 1115; x_wconf 80' lang='lat' dir='ltr'><strong>voluisse.</strong></span> <span class='ocrx_word' id='word_1_90' title='bbox 1042 1058 1182 1114; x_wconf 85' lang='lat' dir='ltr'><strong>Nam</strong></span> <span class='ocrx_word' id='word_1_91' title='bbox 1206 1057 1304 1129; x_wconf 91' lang='lat' dir='ltr'><strong>qui</strong></span> <span class='ocrx_word' id='word_1_92' title='bbox 1329 1073 1388 1113; x_wconf 89' lang='lat' dir='ltr'><strong>re</strong></span> <span class='ocrx_word' id='word_1_93' title='bbox 1409 1057 1741 1116; x_wconf 86' lang='lat' dir='ltr'><strong>contrahun-</strong></span> 
     </span>
     <span class='ocr_line' id='line_1_14' title="bbox 433 1134 1743 1208; baseline -0.002 -16"><span class='ocrx_word' id='word_1_94' title='bbox 433 1145 540 1200; x_wconf 86' lang='lat' dir='ltr'><strong>tur,</strong></span> <span class='ocrx_word' id='word_1_95' title='bbox 579 1137 968 1208; x_wconf 79' lang='lat' dir='ltr'><strong>permiscentur</strong></span> <span class='ocrx_word' id='word_1_96' title='bbox 1003 1151 1128 1192; x_wconf 90' lang='lat' dir='ltr'><strong>cum</strong></span> <span class='ocrx_word' id='word_1_97' title='bbox 1169 1134 1249 1197; x_wconf 88' lang='lat' dir='ltr'><strong>iis,</strong></span> <span class='ocrx_word' id='word_1_98' title='bbox 1276 1135 1374 1206; x_wconf 87' lang='lat' dir='ltr'><strong>qui</strong></span> <span class='ocrx_word' id='word_1_99' title='bbox 1411 1135 1743 1192; x_wconf 85' lang='lat' dir='ltr'><strong>contrahun-</strong></span> 
     </span>
     <span class='ocr_line' id='line_1_15' title="bbox 434 1211 1739 1284; baseline -0.001 -15"><span class='ocrx_word' id='word_1_100' title='bbox 434 1223 523 1270; x_wconf 86' lang='lat' dir='ltr'><strong>tur</strong></span> <span class='ocrx_word' id='word_1_101' title='bbox 537 1231 813 1277; x_wconf 84' lang='lat' dir='ltr'><strong>consensu,</strong></span> <span class='ocrx_word' id='word_1_102' title='bbox 829 1215 886 1269; x_wconf 91' lang='lat' dir='ltr'><strong>in</strong></span> <span class='ocrx_word' id='word_1_103' title='bbox 913 1223 1062 1284; x_wconf 89' lang='lat' dir='ltr'><strong>parte</strong></span> <span class='ocrx_word' id='word_1_104' title='bbox 1087 1211 1258 1268; x_wconf 85' lang='lat' dir='ltr'><strong>tertia.</strong></span> <span class='ocrx_word' id='word_1_105' title='bbox 1282 1213 1346 1268; x_wconf 90' lang='lat' dir='ltr'><strong>ln</strong></span> <span class='ocrx_word' id='word_1_106' title='bbox 1361 1213 1562 1283; x_wconf 82' lang='lat' dir='ltr'><strong>quibus</strong></span> <span class='ocrx_word' id='word_1_107' title='bbox 1575 1213 1739 1270; x_wconf 86' lang='lat' dir='ltr'><strong>etiam</strong></span> 
     </span>
     <span class='ocr_line' id='line_1_16' title="bbox 435 1291 1738 1363; baseline -0.001 -17"><span class='ocrx_word' id='word_1_108' title='bbox 435 1292 562 1363; x_wconf 83' lang='lat' dir='ltr'><strong>ipsis</strong></span> <span class='ocrx_word' id='word_1_109' title='bbox 586 1293 950 1348; x_wconf 71' lang='lat' dir='ltr'><strong>admiscentur</strong></span> <span class='ocrx_word' id='word_1_110' title='bbox 984 1291 1162 1346; x_wconf 85' lang='lat' dir='ltr'><strong>alieno</strong></span> <span class='ocrx_word' id='word_1_111' title='bbox 1201 1291 1314 1346; x_wconf 89' lang='lat' dir='ltr'><strong>loco</strong></span> <span class='ocrx_word' id='word_1_112' title='bbox 1339 1301 1592 1348; x_wconf 84' lang='lat' dir='ltr'><strong>tractatus</strong></span> <span class='ocrx_word' id='word_1_113' title='bbox 1628 1306 1738 1346; x_wconf 88' lang='lat' dir='ltr'><strong>non</strong></span> 
     </span>
     <span class='ocr_line' id='line_1_17' title="bbox 434 1367 1743 1439; baseline -0.002 -15"><span class='ocrx_word' id='word_1_114' title='bbox 434 1371 522 1426; x_wconf 80' lang='lat' dir='ltr'><strong>de-</strong></span> <span class='ocrx_word' id='word_1_115' title='bbox 542 1371 609 1426; x_wconf 75' lang='lat' dir='ltr'><strong>iis</strong></span> <span class='ocrx_word' id='word_1_116' title='bbox 632 1370 842 1428; x_wconf 83' lang='lat' dir='ltr'><strong>caussis.</strong></span> <span class='ocrx_word' id='word_1_117' title='bbox 867 1385 932 1423; x_wconf 81' lang='lat' dir='ltr'><strong>ex</strong></span> <span class='ocrx_word' id='word_1_118' title='bbox 958 1368 1156 1438; x_wconf 86' lang='lat' dir='ltr'><strong>quibus</strong></span> <span class='ocrx_word' id='word_1_119' title='bbox 1193 1368 1450 1439; x_wconf 73' lang='lat' dir='ltr'><strong>obligatio</strong></span> <span class='ocrx_word' id='word_1_120' title='bbox 1472 1367 1711 1425; x_wconf 86' lang='lat' dir='ltr'><strong>nascitur</strong></span> <span class='ocrx_word' id='word_1_121' title='bbox 1728 1409 1743 1431; x_wconf 89' lang='lat'>‚</span> 
     </span>
     <span class='ocr_line' id='line_1_18' title="bbox 369 1444 1741 1526; baseline -0.001 -24"><span class='ocrx_word' id='word_1_122' title='bbox 369 1498 385 1523; x_wconf 95' lang='lat'><strong>·.</strong></span> <span class='ocrx_word' id='word_1_123' title='bbox 433 1444 524 1503; x_wconf 86' lang='lat' dir='ltr'><strong>scd</strong></span> <span class='ocrx_word' id='word_1_124' title='bbox 551 1449 619 1526; x_wconf 65' lang='lat' dir='ltr'><strong>qe</strong></span> <span class='ocrx_word' id='word_1_125' title='bbox 646 1447 895 1517; x_wconf 81' lang='lat' dir='ltr'><strong>personis,</strong></span> <span class='ocrx_word' id='word_1_126' title='bbox 919 1463 1058 1516; x_wconf 90' lang='lat' dir='ltr'><strong>quae</strong></span> <span class='ocrx_word' id='word_1_127' title='bbox 1089 1462 1154 1499; x_wconf 84' lang='lat' dir='ltr'><strong>ex</strong></span> <span class='ocrx_word' id='word_1_128' title='bbox 1183 1455 1476 1506; x_wconf 80' lang='lat' dir='ltr'><strong>contractu,</strong></span> <span class='ocrx_word' id='word_1_129' title='bbox 1499 1459 1594 1502; x_wconf 87' lang='lat' dir='ltr'><strong>aut</strong></span> <span class='ocrx_word' id='word_1_130' title='bbox 1631 1447 1741 1501; x_wconf 88' lang='lat' dir='ltr'><strong>alio</strong></span> 
     </span>
     <span class='ocr_line' id='line_1_19' title="bbox 435 1523 1742 1592; baseline -0.001 -13"><span class='ocrx_word' id='word_1_131' title='bbox 435 1525 572 1580; x_wconf 66' lang='lat' dir='ltr'><strong>iacto</strong></span> <span class='ocrx_word' id='word_1_132' title='bbox 599 1525 872 1580; x_wconf 81' lang='lat' dir='ltr'><strong>conveniri</strong></span> <span class='ocrx_word' id='word_1_133' title='bbox 901 1539 1010 1578; x_wconf 90' lang='lat' dir='ltr'><strong>non</strong></span> <span class='ocrx_word' id='word_1_134' title='bbox 1029 1523 1243 1592; x_wconf 62' lang='lat' dir='ltr'><strong>nomint.</strong></span> <span class='ocrx_word' id='word_1_135' title='bbox 1268 1525 1336 1580; x_wconf 85' lang='lat' dir='ltr'><strong>Et</strong></span> <span class='ocrx_word' id='word_1_136' title='bbox 1359 1534 1538 1580; x_wconf 80' lang='lat' dir='ltr'><strong>tamen</strong></span> <span class='ocrx_word' id='word_1_137' title='bbox 1555 1539 1624 1578; x_wconf 90' lang='lat' dir='ltr'><strong>ne</strong></span> <span class='ocrx_word' id='word_1_138' title='bbox 1652 1523 1742 1578; x_wconf 85' lang='lat' dir='ltr'><strong>bic</strong></span> 
     </span>
     <span class='ocr_line' id='line_1_20' title="bbox 409 1601 1743 1674; baseline 0.002 -16"><span class='ocrx_word' id='word_1_139' title='bbox 409 1601 658 1674; x_wconf 80' lang='lat' dir='ltr'><strong>&#39;quidem</strong></span> <span class='ocrx_word' id='word_1_140' title='bbox 685 1605 832 1657; x_wconf 89' lang='lat' dir='ltr'><strong>locus</strong></span> <span class='ocrx_word' id='word_1_141' title='bbox 869 1611 1009 1658; x_wconf 85' lang='lat' dir='ltr'><strong>totus</strong></span> <span class='ocrx_word' id='word_1_142' title='bbox 1034 1602 1218 1656; x_wconf 88' lang='lat' dir='ltr'><strong>eodem</strong></span> <span class='ocrx_word' id='word_1_143' title='bbox 1257 1603 1374 1658; x_wconf 88' lang='lat' dir='ltr'><strong>loeo</strong></span> <span class='ocrx_word' id='word_1_144' title='bbox 1411 1602 1743 1673; x_wconf 79' lang='lat' dir='ltr'><strong>explicatur.</strong></span> 
     </span>
     <span class='ocr_line' id='line_1_21' title="bbox 438 1677 1742 1751; baseline -0.001 -16"><span class='ocrx_word' id='word_1_145' title='bbox 438 1679 527 1735; x_wconf 73' lang='lat' dir='ltr'><strong>sed</strong></span> <span class='ocrx_word' id='word_1_146' title='bbox 553 1681 745 1736; x_wconf 84' lang='lat' dir='ltr'><strong>alienis</strong></span> <span class='ocrx_word' id='word_1_147' title='bbox 769 1677 898 1737; x_wconf 85' lang='lat' dir='ltr'><strong>locis</strong></span> <span class='ocrx_word' id='word_1_148' title='bbox 922 1680 978 1735; x_wconf 87' lang='lat' dir='ltr'><strong>in</strong></span> <span class='ocrx_word' id='word_1_149' title='bbox 1007 1679 1178 1734; x_wconf 82' lang='lat' dir='ltr'><strong>varias</strong></span> <span class='ocrx_word' id='word_1_150' title='bbox 1205 1689 1380 1750; x_wconf 82' lang='lat' dir='ltr'><strong>partes</strong></span> <span class='ocrx_word' id='word_1_151' title='bbox 1407 1680 1742 1751; x_wconf 78' lang='lat' dir='ltr'><strong>discerpitur.</strong></span> 
     </span>
    </p>
   </div>
   <div class='ocr_carea' id='block_1_3' title="bbox 274 1756 1743 1834">
    <p class='ocr_par' dir='ltr' id='par_1_3' title="bbox 274 1756 1743 1834">
     <span class='ocr_line' id='line_1_22' title="bbox 274 1756 1743 1834; baseline 0.001 -22"><span class='ocrx_word' id='word_1_152' title='bbox 274 1763 283 1770; x_wconf 85' lang='grc'><em>“</em></span> <span class='ocrx_word' id='word_1_153' title='bbox 328 1819 342 1834; x_wconf 51' lang='lat'><strong>·</strong></span> <span class='ocrx_word' id='word_1_154' title='bbox 441 1759 578 1814; x_wconf 80' lang='lat' dir='ltr'><strong>Nam</strong></span> <span class='ocrx_word' id='word_1_155' title='bbox 606 1759 673 1813; x_wconf 91' lang='lat' dir='ltr'><strong>de</strong></span> <span class='ocrx_word' id='word_1_156' title='bbox 696 1759 984 1814; x_wconf 77' lang='lat' dir='ltr'><strong>noxalibus</strong></span> <span class='ocrx_word' id='word_1_157' title='bbox 1005 1757 1322 1821; x_wconf 77' lang='lat' dir='ltr'><strong>actionibus,</strong></span> <span class='ocrx_word' id='word_1_158' title='bbox 1349 1773 1470 1829; x_wconf 67' lang='lat' dir='ltr'><strong>quie</strong></span> <span class='ocrx_word' id='word_1_159' title='bbox 1496 1756 1603 1812; x_wconf 88' lang='lat' dir='ltr'><strong>huc</strong></span> <span class='ocrx_word' id='word_1_160' title='bbox 1627 1773 1743 1829; x_wconf 73' lang='lat' dir='ltr'><strong>pen-</strong></span> 
     </span>
    </p>
   </div>
   <div class='ocr_carea' id='block_1_4' title="bbox 380 1834 1755 4011">
    <p class='ocr_par' dir='ltr' id='par_1_4' title="bbox 380 1834 1755 4011">
     <span class='ocr_line' id='line_1_23' title="bbox 439 1834 1743 1906; baseline 0.001 -16"><span class='ocrx_word' id='word_1_161' title='bbox 439 1836 684 1892; x_wconf 83' lang='lat' dir='ltr'><strong>tinebant</strong></span> <span class='ocrx_word' id='word_1_162' title='bbox 701 1877 714 1898; x_wconf 86' lang='lat'><strong>,</strong></span> <span class='ocrx_word' id='word_1_163' title='bbox 739 1836 987 1891; x_wconf 79' lang='lat' dir='ltr'><strong>traditur</strong></span> <span class='ocrx_word' id='word_1_164' title='bbox 1009 1834 1067 1889; x_wconf 92' lang='lat' dir='ltr'><strong>in</strong></span> <span class='ocrx_word' id='word_1_165' title='bbox 1111 1840 1259 1905; x_wconf 85' lang='lat' dir='ltr'><strong>parte</strong></span> <span class='ocrx_word' id='word_1_166' title='bbox 1281 1835 1512 1890; x_wconf 87' lang='lat' dir='ltr'><strong>secunda</strong></span> <span class='ocrx_word' id='word_1_167' title='bbox 1538 1845 1654 1906; x_wconf 88' lang='lat' dir='ltr'><strong>post</strong></span> <span class='ocrx_word' id='word_1_168' title='bbox 1678 1835 1743 1892; x_wconf 86' lang='lat' dir='ltr'><strong>ti·-</strong></span> 
     </span>
     <span class='ocr_line' id='line_1_24' title="bbox 437 1911 1745 1983; baseline 0 -15"><span class='ocrx_word' id='word_1_169' title='bbox 437 1915 612 1968; x_wconf 88' lang='lat' dir='ltr'><strong>tulum</strong></span> <span class='ocrx_word' id='word_1_170' title='bbox 642 1914 726 1969; x_wconf 77' lang='lat' dir='ltr'><strong>Aet</strong></span> <span class='ocrx_word' id='word_1_171' title='bbox 771 1913 956 1980; x_wconf 72' lang='lat' dir='ltr'><strong>chem</strong></span> <span class='ocrx_word' id='word_1_172' title='bbox 993 1911 1282 1983; x_wconf 72' lang='lat' dir='ltr'><strong>Aquiliam.</strong></span> <span class='ocrx_word' id='word_1_173' title='bbox 1323 1913 1428 1968; x_wconf 88' lang='lat' dir='ltr'><strong>Sed</strong></span> <span class='ocrx_word' id='word_1_174' title='bbox 1459 1922 1511 1968; x_wconf 90' lang='lat' dir='ltr'><strong>et</strong></span> <span class='ocrx_word' id='word_1_175' title='bbox 1533 1922 1745 1968; x_wconf 87' lang='lat' dir='ltr'><strong>contra-</strong></span> 
     </span>
     <span class='ocr_line' id='line_1_25' title="bbox 439 1990 1743 2061; baseline 0.002 -17"><span class='ocrx_word' id='word_1_176' title='bbox 439 2000 554 2046; x_wconf 86' lang='lat' dir='ltr'><strong>ctus</strong></span> <span class='ocrx_word' id='word_1_177' title='bbox 580 1990 678 2061; x_wconf 87' lang='lat' dir='ltr'><strong>ipsi</strong></span> <span class='ocrx_word' id='word_1_178' title='bbox 721 1991 790 2045; x_wconf 85' lang='lat' dir='ltr'><strong>ita</strong></span> <span class='ocrx_word' id='word_1_179' title='bbox 819 1990 1154 2047; x_wconf 78' lang='lat' dir='ltr'><strong>divelluntur</strong></span> <span class='ocrx_word' id='word_1_180' title='bbox 1191 1991 1320 2046; x_wconf 87' lang='lat' dir='ltr'><strong>locis</strong></span> <span class='ocrx_word' id='word_1_181' title='bbox 1361 1991 1502 2046; x_wconf 88' lang='lat' dir='ltr'><strong>inter</strong></span> <span class='ocrx_word' id='word_1_182' title='bbox 1529 2006 1614 2053; x_wconf 87' lang='lat' dir='ltr'><strong>se,</strong></span> <span class='ocrx_word' id='word_1_183' title='bbox 1651 2001 1743 2056; x_wconf 88' lang='lat' dir='ltr'><strong>ut,</strong></span> 
     </span>
     <span class='ocr_line' id='line_1_26' title="bbox 439 2067 1745 2139; baseline 0.003 -19"><span class='ocrx_word' id='word_1_184' title='bbox 439 2084 562 2123; x_wconf 82' lang='lat' dir='ltr'><strong>cum</strong></span> <span class='ocrx_word' id='word_1_185' title='bbox 591 2069 658 2124; x_wconf 91' lang='lat' dir='ltr'><strong>de</strong></span> <span class='ocrx_word' id='word_1_186' title='bbox 681 2069 880 2125; x_wconf 67' lang='lat' dir='ltr'><strong>caeteris</strong></span> <span class='ocrx_word' id='word_1_187' title='bbox 905 2077 1095 2139; x_wconf 81' lang='lat' dir='ltr'><strong>agatur</strong></span> <span class='ocrx_word' id='word_1_188' title='bbox 1119 2067 1176 2123; x_wconf 88' lang='lat' dir='ltr'><strong>in</strong></span> <span class='ocrx_word' id='word_1_189' title='bbox 1209 2077 1355 2139; x_wconf 84' lang='lat' dir='ltr'><strong>parte</strong></span> <span class='ocrx_word' id='word_1_190' title='bbox 1381 2069 1552 2133; x_wconf 83' lang='lat' dir='ltr'><strong>tertia,</strong></span> <span class='ocrx_word' id='word_1_191' title='bbox 1574 2077 1745 2124; x_wconf 79' lang='lat' dir='ltr'><strong>extre-</strong></span> 
     </span>
     <span class='ocr_line' id='line_1_27' title="bbox 443 2146 1744 2218; baseline 0.002 -19"><span class='ocrx_word' id='word_1_192' title='bbox 443 2162 528 2201; x_wconf 89' lang='lat' dir='ltr'><strong>ma</strong></span> <span class='ocrx_word' id='word_1_193' title='bbox 553 2147 770 2202; x_wconf 86' lang='lat' dir='ltr'><strong>demum</strong></span> <span class='ocrx_word' id='word_1_194' title='bbox 798 2156 946 2218; x_wconf 87' lang='lat' dir='ltr'><strong>parte</strong></span> <span class='ocrx_word' id='word_1_195' title='bbox 981 2155 1171 2214; x_wconf 78' lang='lat' dir='ltr'><strong>agatur</strong></span> <span class='ocrx_word' id='word_1_196' title='bbox 1195 2148 1262 2201; x_wconf 90' lang='lat' dir='ltr'><strong>de</strong></span> <span class='ocrx_word' id='word_1_197' title='bbox 1293 2146 1744 2217; x_wconf 78' lang='lat' dir='ltr'><strong>stipulationibus.</strong></span> 
     </span>
     <span class='ocr_line' id='line_1_28' title="bbox 441 2224 1747 2294; baseline 0.004 -18"><span class='ocrx_word' id='word_1_198' title='bbox 441 2225 746 2293; x_wconf 66' lang='lat' dir='ltr'><strong>spectemus</strong></span> <span class='ocrx_word' id='word_1_199' title='bbox 769 2225 1006 2294; x_wconf 77' lang='lat' dir='ltr'><strong>reliquas</strong></span> <span class='ocrx_word' id='word_1_200' title='bbox 1043 2235 1249 2280; x_wconf 80' lang='lat' dir='ltr'><strong>caussas</strong></span> <span class='ocrx_word' id='word_1_201' title='bbox 1284 2224 1640 2294; x_wconf 76' lang='lat' dir='ltr'><strong>obligationis.</strong></span> <span class='ocrx_word' id='word_1_202' title='bbox 1676 2225 1747 2281; x_wconf 89' lang='lat'><strong>0-</strong></span> 
     </span>
     <span class='ocr_line' id='line_1_29' title="bbox 441 2302 1748 2373; baseline 0.002 -17"><span class='ocrx_word' id='word_1_203' title='bbox 441 2302 588 2356; x_wconf 86' lang='lat' dir='ltr'><strong>mnia</strong></span> <span class='ocrx_word' id='word_1_204' title='bbox 615 2317 768 2372; x_wconf 66' lang='lat' dir='ltr'><strong>mque</strong></span> <span class='ocrx_word' id='word_1_205' title='bbox 793 2305 1116 2371; x_wconf 85' lang='lat' dir='ltr'><strong>perturbata.</strong></span> <span class='ocrx_word' id='word_1_206' title='bbox 1157 2303 1234 2357; x_wconf 87' lang='lat' dir='ltr'><strong>De</strong></span> <span class='ocrx_word' id='word_1_207' title='bbox 1271 2303 1426 2373; x_wconf 85' lang='lat' dir='ltr'><strong>quasi</strong></span> <span class='ocrx_word' id='word_1_208' title='bbox 1465 2303 1748 2358; x_wconf 81' lang='lat' dir='ltr'><strong>contracti·</strong></span> 
     </span>
     <span class='ocr_line' id='line_1_30' title="bbox 443 2379 1746 2451; baseline 0.002 -18"><span class='ocrx_word' id='word_1_209' title='bbox 443 2380 558 2442; x_wconf 74' lang='lat' dir='ltr'><strong>buS.</strong></span> <span class='ocrx_word' id='word_1_210' title='bbox 580 2393 814 2451; x_wconf 85' lang='lat' dir='ltr'><strong>quorum</strong></span> <span class='ocrx_word' id='word_1_211' title='bbox 839 2379 1084 2435; x_wconf 73' lang='lat' dir='ltr'><strong>tractatio</strong></span> <span class='ocrx_word' id='word_1_212' title='bbox 1122 2380 1268 2451; x_wconf 80' lang='lat' dir='ltr'><strong>sequi</strong></span> <span class='ocrx_word' id='word_1_213' title='bbox 1295 2381 1538 2442; x_wconf 84' lang='lat' dir='ltr'><strong>debebat,</strong></span> <span class='ocrx_word' id='word_1_214' title='bbox 1566 2379 1746 2450; x_wconf 80' lang='lat' dir='ltr'><strong>agitur</strong></span> 
     </span>
     <span class='ocr_line' id='line_1_31' title="bbox 443 2451 1745 2528; baseline 0.002 -18"><span class='ocrx_word' id='word_1_215' title='bbox 443 2457 619 2525; x_wconf 87' lang='lat' dir='ltr'><strong>priore</strong></span> <span class='ocrx_word' id='word_1_216' title='bbox 643 2451 776 2518; x_wconf 66' lang='lat' dir='ltr'><strong>loen.</strong></span> <span class='ocrx_word' id='word_1_217' title='bbox 801 2457 994 2528; x_wconf 84' lang='lat' dir='ltr'><strong>partim</strong></span> <span class='ocrx_word' id='word_1_218' title='bbox 1023 2457 1080 2511; x_wconf 88' lang='lat' dir='ltr'><strong>in</strong></span> <span class='ocrx_word' id='word_1_219' title='bbox 1109 2467 1258 2528; x_wconf 86' lang='lat' dir='ltr'><strong>parte</strong></span> <span class='ocrx_word' id='word_1_220' title='bbox 1285 2457 1477 2528; x_wconf 85' lang='lat' dir='ltr'><strong>prima,</strong></span> <span class='ocrx_word' id='word_1_221' title='bbox 1503 2469 1560 2516; x_wconf 91' lang='lat' dir='ltr'><strong>ut</strong></span> <span class='ocrx_word' id='word_1_222' title='bbox 1586 2459 1745 2513; x_wconf 89' lang='lat' dir='ltr'><strong>titulo</strong></span> 
     </span>
     <span class='ocr_line' id='line_1_32' title="bbox 446 2535 1746 2606; baseline 0.002 -16"><span class='ocrx_word' id='word_1_223' title='bbox 446 2535 520 2590; x_wconf 73' lang='lat' dir='ltr'><strong>De.</strong></span> <span class='ocrx_word' id='word_1_224' title='bbox 563 2535 804 2604; x_wconf 64' lang='lat' dir='ltr'><strong>Nequeo</strong></span> <span class='ocrx_word' id='word_1_225' title='bbox 836 2539 1014 2604; x_wconf 69' lang='lat' dir='ltr'><strong>qestit.</strong></span> <span class='ocrx_word' id='word_1_226' title='bbox 1051 2536 1245 2606; x_wconf 89' lang='lat' dir='ltr'><strong>partim</strong></span> <span class='ocrx_word' id='word_1_227' title='bbox 1285 2537 1340 2591; x_wconf 89' lang='lat' dir='ltr'><strong>in</strong></span> <span class='ocrx_word' id='word_1_228' title='bbox 1379 2537 1612 2592; x_wconf 87' lang='lat' dir='ltr'><strong>secunda</strong></span> <span class='ocrx_word' id='word_1_229' title='bbox 1631 2576 1646 2598; x_wconf 86' lang='lat'>‚</span> <span class='ocrx_word' id='word_1_230' title='bbox 1684 2549 1746 2592; x_wconf 85' lang='lat' dir='ltr'><strong>ut</strong></span> 
     </span>
     <span class='ocr_line' id='line_1_33' title="bbox 441 2612 1747 2683; baseline 0.003 -15"><span class='ocrx_word' id='word_1_231' title='bbox 441 2613 614 2669; x_wconf 80' lang='lat' dir='ltr'><strong>titulis</strong></span> <span class='ocrx_word' id='word_1_232' title='bbox 655 2612 872 2669; x_wconf 73' lang='lat' dir='ltr'><strong>Finiim</strong></span> <span class='ocrx_word' id='word_1_233' title='bbox 907 2616 1266 2683; x_wconf 66' lang='lat' dir='ltr'><strong>remmam-um</strong></span> <span class='ocrx_word' id='word_1_234' title='bbox 1283 2654 1296 2677; x_wconf 87' lang='lat'>‚</span> <span class='ocrx_word' id='word_1_235' title='bbox 1337 2616 1580 2671; x_wconf 72' lang='lat' dir='ltr'><strong>Familia</strong></span> <span class='ocrx_word' id='word_1_236' title='bbox 1615 2618 1747 2671; x_wconf 72' lang='lat' dir='ltr'><strong>eret·-</strong></span> 
     </span>
     <span class='ocr_line' id='line_1_34' title="bbox 439 2693 1748 2764; baseline 0.002 -19"><span class='ocrx_word' id='word_1_237' title='bbox 439 2693 667 2754; x_wconf 75' lang='lat' dir='ltr'><strong>scmtdoe.</strong></span> <span class='ocrx_word' id='word_1_238' title='bbox 693 2693 965 2747; x_wconf 69' lang='lat' dir='ltr'><strong>sommum·</strong></span> <span class='ocrx_word' id='word_1_239' title='bbox 999 2693 1304 2756; x_wconf 69' lang='lat' dir='ltr'><strong>dividundo,</strong></span> <span class='ocrx_word' id='word_1_240' title='bbox 1328 2693 1523 2764; x_wconf 87' lang='lat' dir='ltr'><strong>partim</strong></span> <span class='ocrx_word' id='word_1_241' title='bbox 1551 2693 1609 2750; x_wconf 91' lang='lat' dir='ltr'><strong>in</strong></span> <span class='ocrx_word' id='word_1_242' title='bbox 1629 2710 1748 2764; x_wconf 87' lang='lat' dir='ltr'><strong>par-</strong></span> 
     </span>
     <span class='ocr_line' id='line_1_35' title="bbox 443 2770 1749 2843; baseline 0.002 -18"><span class='ocrx_word' id='word_1_243' title='bbox 443 2778 493 2825; x_wconf 90' lang='lat' dir='ltr'><strong>te</strong></span> <span class='ocrx_word' id='word_1_244' title='bbox 517 2770 730 2840; x_wconf 85' lang='lat' dir='ltr'><strong>quinta.</strong></span> <span class='ocrx_word' id='word_1_245' title='bbox 769 2779 828 2825; x_wconf 89' lang='lat' dir='ltr'><strong>ut</strong></span> <span class='ocrx_word' id='word_1_246' title='bbox 853 2770 919 2825; x_wconf 85' lang='lat' dir='ltr'><strong>de</strong></span> <span class='ocrx_word' id='word_1_247' title='bbox 950 2771 1162 2825; x_wconf 65' lang='lat' dir='ltr'><strong>Tmolia.</strong></span> <span class='ocrx_word' id='word_1_248' title='bbox 1205 2772 1272 2825; x_wconf 86' lang='lat' dir='ltr'><strong>Et</strong></span> <span class='ocrx_word' id='word_1_249' title='bbox 1309 2771 1534 2843; x_wconf 87' lang='lat' dir='ltr'><strong>quidem</strong></span> <span class='ocrx_word' id='word_1_250' title='bbox 1558 2772 1626 2827; x_wconf 87' lang='lat' dir='ltr'><strong>de</strong></span> <span class='ocrx_word' id='word_1_251' title='bbox 1665 2772 1749 2827; x_wconf 88' lang='lat' dir='ltr'><strong>his</strong></span> 
     </span>
     <span class='ocr_line' id='line_1_36' title="bbox 441 2847 1747 2919; baseline 0.002 -18"><span class='ocrx_word' id='word_1_252' title='bbox 441 2847 697 2903; x_wconf 87' lang='lat' dir='ltr'><strong>omnibus</strong></span> <span class='ocrx_word' id='word_1_253' title='bbox 721 2848 808 2903; x_wconf 85' lang='lat' dir='ltr'><strong>ita:</strong></span> <span class='ocrx_word' id='word_1_254' title='bbox 835 2857 894 2903; x_wconf 83' lang='lat' dir='ltr'><strong>ut</strong></span> <span class='ocrx_word' id='word_1_255' title='bbox 919 2864 1184 2919; x_wconf 82' lang='lat' dir='ltr'><strong>nusquam</strong></span> <span class='ocrx_word' id='word_1_256' title='bbox 1213 2849 1440 2912; x_wconf 89' lang='lat' dir='ltr'><strong>dicatur,</strong></span> <span class='ocrx_word' id='word_1_257' title='bbox 1469 2850 1540 2905; x_wconf 88' lang='lat' dir='ltr'><strong>ita</strong></span> <span class='ocrx_word' id='word_1_258' title='bbox 1568 2850 1635 2904; x_wconf 88' lang='lat' dir='ltr'><strong>de</strong></span> <span class='ocrx_word' id='word_1_259' title='bbox 1660 2848 1747 2904; x_wconf 83' lang='lat' dir='ltr'><strong>his</strong></span> 
     </span>
     <span class='ocr_line' id='line_1_37' title="bbox 443 2926 1746 2997; baseline 0.003 -18"><span class='ocrx_word' id='word_1_260' title='bbox 443 2926 548 2993; x_wconf 72' lang='lat' dir='ltr'><strong>agi,</strong></span> <span class='ocrx_word' id='word_1_261' title='bbox 571 2926 724 2997; x_wconf 88' lang='lat' dir='ltr'><strong>quasi</strong></span> <span class='ocrx_word' id='word_1_262' title='bbox 751 2926 861 2981; x_wconf 83' lang='lat' dir='ltr'><strong>sint</strong></span> <span class='ocrx_word' id='word_1_263' title='bbox 885 2936 1200 2989; x_wconf 76' lang='lat' dir='ltr'><strong>contractus,</strong></span> <span class='ocrx_word' id='word_1_264' title='bbox 1225 2937 1320 2983; x_wconf 91' lang='lat' dir='ltr'><strong>aut</strong></span> <span class='ocrx_word' id='word_1_265' title='bbox 1356 2928 1510 2997; x_wconf 88' lang='lat' dir='ltr'><strong>qnasi</strong></span> <span class='ocrx_word' id='word_1_266' title='bbox 1537 2936 1746 2983; x_wconf 82' lang='lat' dir='ltr'><strong>contra-</strong></span> 
     </span>
     <span class='ocr_line' id='line_1_38' title="bbox 441 3004 1748 3076; baseline 0.003 -20"><span class='ocrx_word' id='word_1_267' title='bbox 441 3013 575 3067; x_wconf 85' lang='lat' dir='ltr'><strong>ctus,</strong></span> <span class='ocrx_word' id='word_1_268' title='bbox 591 3004 642 3058; x_wconf 83' lang='lat' dir='ltr'><strong>id</strong></span> <span class='ocrx_word' id='word_1_269' title='bbox 662 3013 738 3060; x_wconf 88' lang='lat' dir='ltr'><strong>est</strong></span> <span class='ocrx_word' id='word_1_270' title='bbox 751 3006 1109 3059; x_wconf 81' lang='lat' dir='ltr'><strong>contractibus</strong></span> <span class='ocrx_word' id='word_1_271' title='bbox 1132 3004 1266 3075; x_wconf 85' lang='lat' dir='ltr'><strong>quid</strong></span> <span class='ocrx_word' id='word_1_272' title='bbox 1287 3004 1478 3067; x_wconf 88' lang='lat' dir='ltr'><strong>simile,</strong></span> <span class='ocrx_word' id='word_1_273' title='bbox 1493 3016 1553 3060; x_wconf 91' lang='lat' dir='ltr'><strong>ut</strong></span> <span class='ocrx_word' id='word_1_274' title='bbox 1569 3005 1748 3076; x_wconf 83' lang='lat' dir='ltr'><strong>pmin·</strong></span> 
     </span>
     <span class='ocr_line' id='line_1_39' title="bbox 447 3082 1745 3153; baseline 0.002 -18"><span class='ocrx_word' id='word_1_275' title='bbox 447 3082 513 3135; x_wconf 84' lang='lat' dir='ltr'><strong>dc</strong></span> <span class='ocrx_word' id='word_1_276' title='bbox 537 3083 754 3145; x_wconf 78' lang='lat' dir='ltr'><strong>nescias.</strong></span> <span class='ocrx_word' id='word_1_277' title='bbox 777 3083 846 3137; x_wconf 82' lang='lat' dir='ltr'><strong>ad</strong></span> <span class='ocrx_word' id='word_1_278' title='bbox 875 3083 1018 3153; x_wconf 88' lang='lat' dir='ltr'><strong>quod</strong></span> <span class='ocrx_word' id='word_1_279' title='bbox 1043 3098 1210 3151; x_wconf 78' lang='lat' dir='ltr'><strong>genus</strong></span> <span class='ocrx_word' id='word_1_280' title='bbox 1235 3099 1415 3137; x_wconf 85' lang='lat' dir='ltr'><strong>rerum</strong></span> <span class='ocrx_word' id='word_1_281' title='bbox 1447 3082 1561 3139; x_wconf 74' lang='lat' dir='ltr'><strong>haec</strong></span> <span class='ocrx_word' id='word_1_282' title='bbox 1585 3082 1745 3138; x_wconf 70' lang='lat' dir='ltr'><strong>refer-</strong></span> 
     </span>
     <span class='ocr_line' id='line_1_40' title="bbox 447 3160 1747 3231; baseline 0.003 -18"><span class='ocrx_word' id='word_1_283' title='bbox 447 3160 490 3213; x_wconf 83' lang='lat' dir='ltr'><strong>ri</strong></span> <span class='ocrx_word' id='word_1_284' title='bbox 519 3162 764 3223; x_wconf 81' lang='lat' dir='ltr'><strong>debeant.</strong></span> <span class='ocrx_word' id='word_1_285' title='bbox 787 3170 880 3216; x_wconf 89' lang='lat' dir='ltr'><strong>aut</strong></span> <span class='ocrx_word' id='word_1_286' title='bbox 903 3177 1066 3231; x_wconf 80' lang='lat' dir='ltr'><strong>quem</strong></span> <span class='ocrx_word' id='word_1_287' title='bbox 1108 3176 1262 3215; x_wconf 88' lang='lat' dir='ltr'><strong>usum</strong></span> <span class='ocrx_word' id='word_1_288' title='bbox 1294 3161 1352 3215; x_wconf 89' lang='lat' dir='ltr'><strong>in</strong></span> <span class='ocrx_word' id='word_1_289' title='bbox 1393 3161 1590 3217; x_wconf 85' lang='lat' dir='ltr'><strong>caussis</strong></span> <span class='ocrx_word' id='word_1_290' title='bbox 1613 3177 1747 3231; x_wconf 75' lang='lat' dir='ltr'><strong>prte-</strong></span> 
     </span>
     <span class='ocr_line' id='line_1_41' title="bbox 449 3238 1752 3302; baseline 0.002 -11"><span class='ocrx_word' id='word_1_291' title='bbox 449 3239 622 3293; x_wconf 79' lang='lat' dir='ltr'><strong>beant.</strong></span> <span class='ocrx_word' id='word_1_292' title='bbox 646 3238 708 3293; x_wconf 84' lang='lat' dir='ltr'><strong>ln</strong></span> <span class='ocrx_word' id='word_1_293' title='bbox 741 3238 1016 3293; x_wconf 74' lang='lat' dir='ltr'><strong>maleficiis</strong></span> <span class='ocrx_word' id='word_1_294' title='bbox 1039 3238 1223 3294; x_wconf 80' lang='lat' dir='ltr'><strong>eadem</strong></span> <span class='ocrx_word' id='word_1_295' title='bbox 1262 3238 1464 3302; x_wconf 76' lang='grc' dir='ltr'><strong>ἀταξία.</strong></span> <span class='ocrx_word' id='word_1_296' title='bbox 1503 3240 1642 3294; x_wconf 85' lang='lat' dir='ltr'><strong>Nam</strong></span> <span class='ocrx_word' id='word_1_297' title='bbox 1684 3239 1752 3294; x_wconf 89' lang='lat' dir='ltr'><strong>de</strong></span> 
     </span>
     <span class='ocr_line' id='line_1_42' title="bbox 449 3315 1751 3387; baseline 0.002 -18"><span class='ocrx_word' id='word_1_298' title='bbox 449 3315 618 3377; x_wconf 78' lang='lat' dir='ltr'><strong>furtis,</strong></span> <span class='ocrx_word' id='word_1_299' title='bbox 641 3317 708 3370; x_wconf 87' lang='lat' dir='ltr'><strong>de</strong></span> <span class='ocrx_word' id='word_1_300' title='bbox 734 3316 939 3371; x_wconf 85' lang='lat' dir='ltr'><strong>actione</strong></span> <span class='ocrx_word' id='word_1_301' title='bbox 969 3316 1020 3370; x_wconf 79' lang='lat' dir='ltr'><strong>vi</strong></span> <span class='ocrx_word' id='word_1_302' title='bbox 1061 3316 1323 3371; x_wconf 85' lang='lat' dir='ltr'><strong>bonorum</strong></span> <span class='ocrx_word' id='word_1_303' title='bbox 1352 3325 1645 3387; x_wconf 83' lang='lat' dir='ltr'><strong>raptorum.</strong></span> <span class='ocrx_word' id='word_1_304' title='bbox 1684 3318 1751 3372; x_wconf 89' lang='lat' dir='ltr'><strong>de</strong></span> 
     </span>
     <span class='ocr_line' id='line_1_43' title="bbox 451 3391 1755 3465; baseline 0.003 -20"><span class='ocrx_word' id='word_1_305' title='bbox 451 3391 876 3462; x_wconf 76' lang='lat' dir='ltr'><strong>injuriis-agitur</strong></span> <span class='ocrx_word' id='word_1_306' title='bbox 903 3394 955 3448; x_wconf 88' lang='lat' dir='ltr'><strong>iu</strong></span> <span class='ocrx_word' id='word_1_307' title='bbox 1001 3405 1146 3465; x_wconf 87' lang='lat' dir='ltr'><strong>parte</strong></span> <span class='ocrx_word' id='word_1_308' title='bbox 1183 3394 1424 3465; x_wconf 86' lang='lat' dir='ltr'><strong>septima,</strong></span> <span class='ocrx_word' id='word_1_309' title='bbox 1461 3396 1755 3465; x_wconf 84' lang='lat' dir='ltr'><strong>eademque</strong></span> 
     </span>
     <span class='ocr_line' id='line_1_44' title="bbox 447 3472 1755 3543; baseline 0.005 -21"><span class='ocrx_word' id='word_1_310' title='bbox 447 3479 699 3524; x_wconf 80' lang='lat' dir='ltr'><strong>extrema:</strong></span> <span class='ocrx_word' id='word_1_311' title='bbox 725 3473 791 3525; x_wconf 87' lang='lat' dir='ltr'><strong>de</strong></span> <span class='ocrx_word' id='word_1_312' title='bbox 817 3472 1018 3526; x_wconf 84' lang='lat' dir='ltr'><strong>damno</strong></span> <span class='ocrx_word' id='word_1_313' title='bbox 1045 3473 1242 3543; x_wconf 86' lang='lat' dir='ltr'><strong>injuria</strong></span> <span class='ocrx_word' id='word_1_314' title='bbox 1270 3474 1394 3528; x_wconf 90' lang='lat' dir='ltr'><strong>dato</strong></span> <span class='ocrx_word' id='word_1_315' title='bbox 1420 3472 1474 3528; x_wconf 89' lang='lat' dir='ltr'><strong>in</strong></span> <span class='ocrx_word' id='word_1_316' title='bbox 1506 3481 1653 3543; x_wconf 87' lang='lat' dir='ltr'><strong>parte</strong></span> <span class='ocrx_word' id='word_1_317' title='bbox 1679 3490 1755 3529; x_wconf 83' lang='lat' dir='ltr'><strong>sc·-</strong></span> 
     </span>
     <span class='ocr_line' id='line_1_45' title="bbox 447 3547 1753 3620; baseline 0.004 -20"><span class='ocrx_word' id='word_1_318' title='bbox 447 3547 624 3602; x_wconf 87' lang='lat' dir='ltr'><strong>eunda</strong></span> <span class='ocrx_word' id='word_1_319' title='bbox 662 3550 764 3603; x_wconf 86' lang='lat' dir='ltr'><strong>sub</strong></span> <span class='ocrx_word' id='word_1_320' title='bbox 803 3548 959 3604; x_wconf 86' lang='lat' dir='ltr'><strong>titulo</strong></span> <span class='ocrx_word' id='word_1_321' title='bbox 999 3548 1082 3605; x_wconf 74' lang='lat' dir='ltr'><strong>Aa</strong></span> <span class='ocrx_word' id='word_1_322' title='bbox 1123 3550 1312 3619; x_wconf 73' lang='lat' dir='ltr'><strong>Iaeqem</strong></span> <span class='ocrx_word' id='word_1_323' title='bbox 1346 3549 1635 3620; x_wconf 77' lang='lat' dir='ltr'><strong>Aquiliam.</strong></span> <span class='ocrx_word' id='word_1_324' title='bbox 1676 3552 1753 3605; x_wconf 89' lang='lat' dir='ltr'><strong>De</strong></span> 
     </span>
     <span class='ocr_line' id='line_1_46' title="bbox 445 3625 1749 3698; baseline 0.005 -21"><span class='ocrx_word' id='word_1_325' title='bbox 445 3625 598 3694; x_wconf 85' lang='lat' dir='ltr'><strong>quasi</strong></span> <span class='ocrx_word' id='word_1_326' title='bbox 627 3626 903 3681; x_wconf 79' lang='lat' dir='ltr'><strong>maleficiis</strong></span> <span class='ocrx_word' id='word_1_327' title='bbox 927 3628 1128 3681; x_wconf 75' lang='lat' dir='ltr'><strong>eadem.</strong></span> <span class='ocrx_word' id='word_1_328' title='bbox 1157 3628 1294 3681; x_wconf 82' lang='lat' dir='ltr'><strong>Nam</strong></span> <span class='ocrx_word' id='word_1_329' title='bbox 1333 3628 1400 3682; x_wconf 89' lang='lat' dir='ltr'><strong>dc</strong></span> <span class='ocrx_word' id='word_1_330' title='bbox 1422 3628 1749 3698; x_wconf 84' lang='lat' dir='ltr'><strong>quibusdam</strong></span> 
     </span>
     <span class='ocr_line' id='line_1_47' title="bbox 447 3701 1747 3777; baseline 0.005 -22"><span class='ocrx_word' id='word_1_331' title='bbox 447 3701 624 3769; x_wconf 82' lang='lat' dir='ltr'><strong>agitur</strong></span> <span class='ocrx_word' id='word_1_332' title='bbox 649 3703 704 3757; x_wconf 89' lang='lat' dir='ltr'><strong>in</strong></span> <span class='ocrx_word' id='word_1_333' title='bbox 735 3704 904 3774; x_wconf 87' lang='lat' dir='ltr'><strong>prima</strong></span> <span class='ocrx_word' id='word_1_334' title='bbox 935 3713 1082 3774; x_wconf 84' lang='lat' dir='ltr'><strong>parte</strong></span> <span class='ocrx_word' id='word_1_335' title='bbox 1109 3705 1279 3760; x_wconf 89' lang='lat' dir='ltr'><strong>multo</strong></span> <span class='ocrx_word' id='word_1_336' title='bbox 1299 3716 1438 3770; x_wconf 80' lang='lat' dir='ltr'><strong>ante,</strong></span> <span class='ocrx_word' id='word_1_337' title='bbox 1452 3722 1616 3777; x_wconf 90' lang='lat' dir='ltr'><strong>quam</strong></span> <span class='ocrx_word' id='word_1_338' title='bbox 1635 3706 1747 3761; x_wconf 86' lang='lat' dir='ltr'><strong>ulla</strong></span> 
     </span>
     <span class='ocr_line' id='line_1_48' title="bbox 445 3780 1751 3855; baseline 0.004 -22"><span class='ocrx_word' id='word_1_339' title='bbox 445 3780 640 3849; x_wconf 81' lang='lat' dir='ltr'><strong>specics</strong></span> <span class='ocrx_word' id='word_1_340' title='bbox 664 3782 1046 3837; x_wconf 80' lang='lat' dir='ltr'><strong>maleficiorum</strong></span> <span class='ocrx_word' id='word_1_341' title='bbox 1073 3780 1142 3835; x_wconf 85' lang='lat' dir='ltr'><strong>sit</strong></span> <span class='ocrx_word' id='word_1_342' title='bbox 1167 3783 1418 3851; x_wconf 69' lang='lat' dir='ltr'><strong>exmsita,</strong></span> <span class='ocrx_word' id='word_1_343' title='bbox 1441 3793 1502 3838; x_wconf 89' lang='lat' dir='ltr'><strong>ut</strong></span> <span class='ocrx_word' id='word_1_344' title='bbox 1526 3783 1598 3855; x_wconf 80' lang='lat'><strong>(3)</strong></span> <span class='ocrx_word' id='word_1_345' title='bbox 1625 3783 1751 3840; x_wconf 85' lang='lat' dir='ltr'><strong>titu-</strong></span> 
     </span>
     <span class='ocr_line' id='line_1_49' title="bbox 380 3858 1750 3930; baseline 0.004 -19"><span class='ocrx_word' id='word_1_346' title='bbox 380 3886 401 3904; x_wconf 82' lang='lat'>-</span> <span class='ocrx_word' id='word_1_347' title='bbox 447 3859 500 3913; x_wconf 85' lang='lat' dir='ltr'><strong>lo</strong></span> <span class='ocrx_word' id='word_1_348' title='bbox 525 3858 734 3922; x_wconf 65' lang='lat' dir='ltr'><strong>Nauio»,</strong></span> <span class='ocrx_word' id='word_1_349' title='bbox 757 3876 1030 3929; x_wconf 77' lang='lat' dir='ltr'><strong>caupones,</strong></span> <span class='ocrx_word' id='word_1_350' title='bbox 1053 3858 1336 3915; x_wconf 72' lang='lat' dir='ltr'><strong>stabularii</strong></span> <span class='ocrx_word' id='word_1_351' title='bbox 1357 3868 1418 3915; x_wconf 74' lang='lat' dir='ltr'><strong>ut</strong></span> <span class='ocrx_word' id='word_1_352' title='bbox 1440 3870 1646 3930; x_wconf 74' lang='lat' dir='ltr'><strong>recepta</strong></span> <span class='ocrx_word' id='word_1_353' title='bbox 1670 3878 1750 3917; x_wconf 76' lang='lat' dir='ltr'><strong>re-</strong></span> 
     </span>
     <span class='ocr_line' id='line_1_50' title="bbox 445 3934 1752 4011; baseline 0.004 -21"><span class='ocrx_word' id='word_1_354' title='bbox 445 3940 684 3991; x_wconf 76' lang='lat' dir='ltr'><strong>stituant:</strong></span> <span class='ocrx_word' id='word_1_355' title='bbox 709 3938 774 3992; x_wconf 90' lang='lat' dir='ltr'><strong>de</strong></span> <span class='ocrx_word' id='word_1_356' title='bbox 799 3938 1124 4011; x_wconf 86' lang='lat' dir='ltr'><strong>quibusdam</strong></span> <span class='ocrx_word' id='word_1_357' title='bbox 1153 3934 1208 3992; x_wconf 87' lang='lat' dir='ltr'><strong>in</strong></span> <span class='ocrx_word' id='word_1_358' title='bbox 1237 3946 1386 4008; x_wconf 83' lang='lat' dir='ltr'><strong>parte</strong></span> <span class='ocrx_word' id='word_1_359' title='bbox 1409 3940 1665 4003; x_wconf 86' lang='lat' dir='ltr'><strong>secunda,</strong></span> <span class='ocrx_word' id='word_1_360' title='bbox 1692 3949 1752 3996; x_wconf 88' lang='lat' dir='ltr'><strong>ut</strong></span> 
     </span>
    </p>
   </div>
   <div class='ocr_carea' id='block_1_5' title="bbox 350 4014 1751 4089">
    <p class='ocr_par' dir='ltr' id='par_1_5' title="bbox 350 4014 1751 4089">
     <span class='ocr_line' id='line_1_51' title="bbox 350 4014 1751 4089; baseline 0 -19"><span class='ocrx_word' id='word_1_361' title='bbox 350 4028 367 4046; x_wconf 82' lang='lat'>·</span> <span class='ocrx_word' id='word_1_362' title='bbox 445 4014 604 4072; x_wconf 87' lang='lat' dir='ltr'><strong>titulo</strong></span> <span class='ocrx_word' id='word_1_363' title='bbox 631 4014 708 4071; x_wconf 84' lang='lat' dir='ltr'><strong>De</strong></span> <span class='ocrx_word' id='word_1_364' title='bbox 735 4018 849 4077; x_wconf 69' lang='grc' dir='ltr'><strong>Πιὶς.</strong></span> <span class='ocrx_word' id='word_1_365' title='bbox 873 4020 967 4087; x_wconf 79' lang='lat' dir='ltr'><strong>qui</strong></span> <span class='ocrx_word' id='word_1_366' title='bbox 991 4018 1304 4089; x_wconf 71' lang='lat' dir='ltr'><strong>effuderunt,</strong></span> <span class='ocrx_word' id='word_1_367' title='bbox 1327 4018 1412 4071; x_wconf 83' lang='lat' dir='ltr'><strong>vel</strong></span> <span class='ocrx_word' id='word_1_368' title='bbox 1435 4018 1751 4087; x_wconf 73' lang='lat' dir='ltr'><strong>dejecerunt:</strong></span> 
     </span>
    </p>
   </div>
   <div class='ocr_carea' id='block_1_6' title="bbox 443 4093 1752 4321">
    <p class='ocr_par' dir='ltr' id='par_1_6' title="bbox 443 4093 1752 4321">
     <span class='ocr_line' id='line_1_52' title="bbox 445 4093 1751 4162; baseline 0.006 -17"><span class='ocrx_word' id='word_1_369' title='bbox 445 4093 522 4145; x_wconf 72' lang='lat' dir='ltr'><strong>de</strong></span> <span class='ocrx_word' id='word_1_370' title='bbox 536 4093 862 4162; x_wconf 65' lang='lat' dir='ltr'><strong>quibusdam</strong></span> <span class='ocrx_word' id='word_1_371' title='bbox 893 4094 947 4149; x_wconf 87' lang='lat' dir='ltr'><strong>in</strong></span> <span class='ocrx_word' id='word_1_372' title='bbox 985 4104 1222 4151; x_wconf 83' lang='lat' dir='ltr'><strong>extremo</strong></span> <span class='ocrx_word' id='word_1_373' title='bbox 1251 4094 1658 4157; x_wconf 82' lang='lat' dir='ltr'><strong>Pandectarum.</strong></span> <span class='ocrx_word' id='word_1_374' title='bbox 1690 4104 1751 4153; x_wconf 83' lang='lat' dir='ltr'><strong>ut</strong></span> 
     </span>
     <span class='ocr_line' id='line_1_53' title="bbox 445 4170 1751 4241; baseline 0.003 -16"><span class='ocrx_word' id='word_1_375' title='bbox 445 4170 732 4241; x_wconf 50' lang='lat' dir='ltr'><strong>‹le-,judice</strong></span> <span class='ocrx_word' id='word_1_376' title='bbox 761 4173 861 4241; x_wconf 87' lang='lat' dir='ltr'><strong>qui</strong></span> <span class='ocrx_word' id='word_1_377' title='bbox 900 4172 1050 4227; x_wconf 87' lang='lat' dir='ltr'><strong>litem</strong></span> <span class='ocrx_word' id='word_1_378' title='bbox 1075 4189 1228 4228; x_wconf 86' lang='lat' dir='ltr'><strong>suam</strong></span> <span class='ocrx_word' id='word_1_379' title='bbox 1267 4171 1416 4237; x_wconf 75' lang='lat' dir='ltr'><strong>fecit,</strong></span> <span class='ocrx_word' id='word_1_380' title='bbox 1451 4174 1555 4228; x_wconf 84' lang='lat' dir='ltr'><strong>sub</strong></span> <span class='ocrx_word' id='word_1_381' title='bbox 1593 4172 1751 4231; x_wconf 86' lang='lat' dir='ltr'><strong>titulo</strong></span> 
     </span>
     <span class='ocr_line' id='line_1_54' title="bbox 443 4248 1752 4321; baseline 0.003 -18"><span class='ocrx_word' id='word_1_382' title='bbox 443 4248 528 4303; x_wconf 77' lang='lat' dir='ltr'><strong>De</strong></span> <span class='ocrx_word' id='word_1_383' title='bbox 581 4249 1048 4309; x_wconf 68' lang='lat' dir='ltr'><strong>fixeram-dinariis</strong></span> <span class='ocrx_word' id='word_1_384' title='bbox 1083 4252 1464 4321; x_wconf 64' lang='lat' dir='ltr'><strong>contritionibus</strong></span> <span class='ocrx_word' id='word_1_385' title='bbox 1489 4290 1509 4316; x_wconf 82' lang='grc'><strong>,.</strong></span> <span class='ocrx_word' id='word_1_386' title='bbox 1557 4252 1620 4307; x_wconf 84' lang='lat' dir='ltr'><strong>L.</strong></span> <span class='ocrx_word' id='word_1_387' title='bbox 1655 4254 1752 4309; x_wconf 75' lang='lat' dir='ltr'><strong>ult.</strong></span> 
     </span>
    </p>
   </div>
   <div class='ocr_carea' id='block_1_7' title="bbox 396 4384 1753 4714">
    <p class='ocr_par' dir='ltr' id='par_1_7' title="bbox 445 4384 1753 4570">
     <span class='ocr_line' id='line_1_55' title="bbox 472 4384 1753 4469; baseline 0.003 -33"><span class='ocrx_word' id='word_1_388' title='bbox 472 4445 486 4463; x_wconf 40' lang='grc' dir='ltr'><strong>ι</strong></span> <span class='ocrx_word' id='word_1_389' title='bbox 508 4386 586 4449; x_wconf 79' lang='grc'><strong>(3)</strong></span> <span class='ocrx_word' id='word_1_390' title='bbox 603 4384 770 4469; x_wconf 74' lang='lat' dir='ltr'><strong>Quem</strong></span> <span class='ocrx_word' id='word_1_391' title='bbox 798 4390 1012 4441; x_wconf 85' lang='lat' dir='ltr'><strong>titulum</strong></span> <span class='ocrx_word' id='word_1_392' title='bbox 1037 4406 1142 4437; x_wconf 83' lang='lat' dir='ltr'><strong>nnn</strong></span> <span class='ocrx_word' id='word_1_393' title='bbox 1170 4406 1313 4453; x_wconf 73' lang='lat' dir='ltr'><strong>posse</strong></span> <span class='ocrx_word' id='word_1_394' title='bbox 1335 4390 1603 4439; x_wconf 73' lang='lat' dir='ltr'><strong>eounmode</strong></span> <span class='ocrx_word' id='word_1_395' title='bbox 1627 4406 1753 4440; x_wconf 88' lang='lat' dir='ltr'><strong>con-</strong></span> 
     </span>
     <span class='ocr_line' id='line_1_56' title="bbox 445 4448 1750 4521; baseline 0.001 -19"><span class='ocrx_word' id='word_1_396' title='bbox 445 4456 641 4502; x_wconf 66' lang='lat' dir='ltr'><strong>numan</strong></span> <span class='ocrx_word' id='word_1_397' title='bbox 667 4456 1072 4519; x_wconf 56' lang='lat' dir='ltr'><strong>praecedentibus</strong></span> <span class='ocrx_word' id='word_1_398' title='bbox 1099 4456 1302 4519; x_wconf 67' lang='lat' dir='ltr'><strong>I‘atctur¹</strong></span> <span class='ocrx_word' id='word_1_399' title='bbox 1325 4448 1440 4506; x_wconf 68' lang='lat' dir='ltr'><strong>Zaa.</strong></span> <span class='ocrx_word' id='word_1_400' title='bbox 1473 4477 1531 4521; x_wconf 62' lang='lat' dir='ltr'><strong>qn</strong></span> <span class='ocrx_word' id='word_1_401' title='bbox 1555 4462 1750 4508; x_wconf 76' lang='lat' dir='ltr'><strong>Pae-ut.</strong></span> 
     </span>
     <span class='ocr_line' id='line_1_57' title="bbox 445 4516 889 4570; baseline 0.011 -8"><span class='ocrx_word' id='word_1_402' title='bbox 445 4516 570 4566; x_wconf 70' lang='lat' dir='ltr'><strong>cod·</strong></span> <span class='ocrx_word' id='word_1_403' title='bbox 607 4520 718 4570; x_wconf 65' lang='grc' dir='ltr'><strong>ΤΗ.</strong></span> <span class='ocrx_word' id='word_1_404' title='bbox 751 4538 804 4569; x_wconf 85' lang='grc' dir='ltr'><strong>η.</strong></span> <span class='ocrx_word' id='word_1_405' title='bbox 847 4536 889 4569; x_wconf 83' lang='lat'><strong>1.</strong></span> 
     </span>
    </p>

    <p class='ocr_par' dir='ltr' id='par_1_8' title="bbox 396 4580 1748 4714">
     <span class='ocr_line' id='line_1_58' title="bbox 396 4580 1748 4653; baseline 0.003 -23"><span class='ocrx_word' id='word_1_406' title='bbox 396 4589 420 4616; x_wconf 70' lang='grc'><em>“</em></span> <span class='ocrx_word' id='word_1_407' title='bbox 509 4582 584 4643; x_wconf 74' lang='grc'><strong>(4)</strong></span> <span class='ocrx_word' id='word_1_408' title='bbox 623 4580 851 4632; x_wconf 73' lang='lat' dir='ltr'><strong>Duaren.</strong></span> <span class='ocrx_word' id='word_1_409' title='bbox 889 4584 966 4635; x_wconf 81' lang='lat' dir='ltr'><strong>ad</strong></span> <span class='ocrx_word' id='word_1_410' title='bbox 1001 4586 1258 4653; x_wconf 65' lang='lat' dir='ltr'><strong>Iesu-rim.</strong></span> <span class='ocrx_word' id='word_1_411' title='bbox 1311 4584 1492 4636; x_wconf 66' lang='lat' dir='ltr'><strong>Pam}-</strong></span> <span class='ocrx_word' id='word_1_412' title='bbox 1527 4586 1665 4651; x_wconf 75' lang='lat' dir='ltr'><strong>Cap.</strong></span> <span class='ocrx_word' id='word_1_413' title='bbox 1698 4598 1748 4633; x_wconf 72' lang='lat'><strong>2.</strong></span> 
     </span>
     <span class='ocr_line' id='line_1_59' title="bbox 443 4647 1743 4714; baseline 0.003 -22"><span class='ocrx_word' id='word_1_414' title='bbox 443 4655 631 4709; x_wconf 66' lang='lat' dir='ltr'><strong>&#39;enen</strong></span> <span class='ocrx_word' id='word_1_415' title='bbox 663 4647 774 4711; x_wconf 70' lang='lat' dir='ltr'><strong>ipsa</strong></span> <span class='ocrx_word' id='word_1_416' title='bbox 797 4664 902 4714; x_wconf 70' lang='lat' dir='ltr'><strong>non</strong></span> <span class='ocrx_word' id='word_1_417' title='bbox 941 4650 1076 4699; x_wconf 74' lang='lat' dir='ltr'><strong>male</strong></span> <span class='ocrx_word' id='word_1_418' title='bbox 1105 4658 1310 4699; x_wconf 74' lang='lat' dir='ltr'><strong>notasse</strong></span> <span class='ocrx_word' id='word_1_419' title='bbox 1349 4648 1706 4699; x_wconf 70' lang='lat' dir='ltr'><strong>Justinianum</strong></span> <span class='ocrx_word' id='word_1_420' title='bbox 1730 4664 1743 4696; x_wconf 90' lang='lat'>:</span> 
     </span>
    </p>
   </div>
   <div class='ocr_carea' id='block_1_8' title="bbox 1809 197 3145 4321">
    <p class='ocr_par' dir='ltr' id='par_1_9' title="bbox 1809 197 3125 490">
     <span class='ocr_line' id='line_1_60' title="bbox 1809 197 3125 272; baseline 0 -16"><span class='ocrx_word' id='word_1_421' title='bbox 1809 201 1987 272; x_wconf 77' lang='lat' dir='ltr'><strong>Atque</strong></span> <span class='ocrx_word' id='word_1_422' title='bbox 2014 200 2129 256; x_wconf 72' lang='lat' dir='ltr'><strong>boec</strong></span> <span class='ocrx_word' id='word_1_423' title='bbox 2150 197 2479 269; x_wconf 72' lang='lat' dir='ltr'><strong>oempoeitio.</strong></span> <span class='ocrx_word' id='word_1_424' title='bbox 2496 207 2551 257; x_wconf 82' lang='lat' dir='ltr'><strong>et</strong></span> <span class='ocrx_word' id='word_1_425' title='bbox 2574 197 2851 257; x_wconf 68' lang='lat' dir='ltr'><strong>sollemne</strong></span> <span class='ocrx_word' id='word_1_426' title='bbox 2878 207 2956 255; x_wconf 83' lang='lat' dir='ltr'><strong>est</strong></span> <span class='ocrx_word' id='word_1_427' title='bbox 2980 199 3125 256; x_wconf 74' lang='lat' dir='ltr'><strong>Fan-</strong></span> 
     </span>
     <span class='ocr_line' id='line_1_61' title="bbox 1810 275 3123 348; baseline 0.002 -16"><span class='ocrx_word' id='word_1_428' title='bbox 1810 279 2083 334; x_wconf 85' lang='lat' dir='ltr'><strong>deetarum</strong></span> <span class='ocrx_word' id='word_1_429' title='bbox 2126 278 2184 334; x_wconf 84' lang='lat' dir='ltr'><strong>in</strong></span> <span class='ocrx_word' id='word_1_430' title='bbox 2223 277 2576 347; x_wconf 77' lang='lat' dir='ltr'><strong>explicatione</strong></span> <span class='ocrx_word' id='word_1_431' title='bbox 2612 276 2729 348; x_wconf 59' lang='lat' dir='ltr'><strong>eius</strong></span> <span class='ocrx_word' id='word_1_432' title='bbox 2768 275 2931 346; x_wconf 80' lang='lat' dir='ltr'><strong>partis</strong></span> <span class='ocrx_word' id='word_1_433' title='bbox 2948 317 2965 341; x_wconf 85' lang='lat'><strong>‚</strong></span> <span class='ocrx_word' id='word_1_434' title='bbox 3000 292 3123 348; x_wconf 74' lang='lat' dir='ltr'><strong>qm·-</strong></span> 
     </span>
     <span class='ocr_line' id='line_1_62' title="bbox 1810 355 3121 427; baseline 0.002 -17"><span class='ocrx_word' id='word_1_435' title='bbox 1810 355 2169 424; x_wconf 59' lang='lat' dir='ltr'><strong>ctgnitionem</strong></span> <span class='ocrx_word' id='word_1_436' title='bbox 2192 356 2327 427; x_wconf 72' lang='lat' dir='ltr'><strong>ejus,</strong></span> <span class='ocrx_word' id='word_1_437' title='bbox 2348 355 2495 426; x_wconf 85' lang='lat' dir='ltr'><strong>qnod</strong></span> <span class='ocrx_word' id='word_1_438' title='bbox 2519 369 2677 410; x_wconf 85' lang='lat' dir='ltr'><strong>suum</strong></span> <span class='ocrx_word' id='word_1_439' title='bbox 2720 355 2981 426; x_wconf 64' lang='lat' dir='ltr'><strong>uniusque</strong></span> <span class='ocrx_word' id='word_1_440' title='bbox 3016 365 3121 418; x_wconf 76' lang='lat' dir='ltr'><strong>est,</strong></span> 
     </span>
     <span class='ocr_line' id='line_1_63' title="bbox 1812 434 2067 490; baseline 0.008 -2"><span class='ocrx_word' id='word_1_441' title='bbox 1812 434 2067 490; x_wconf 85' lang='lat' dir='ltr'><strong>continet.</strong></span> 
     </span>
    </p>

    <p class='ocr_par' dir='ltr' id='par_1_10' title="bbox 1809 509 3142 3689">
     <span class='ocr_line' id='line_1_64' title="bbox 1892 509 3126 582; baseline 0.001 -17"><span class='ocrx_word' id='word_1_442' title='bbox 1892 511 1989 566; x_wconf 80' lang='lat' dir='ltr'><strong>IX.</strong></span> <span class='ocrx_word' id='word_1_443' title='bbox 2016 511 2134 582; x_wconf 79' lang='lat' dir='ltr'><strong>Ipsa</strong></span> <span class='ocrx_word' id='word_1_444' title='bbox 2160 511 2299 568; x_wconf 83' lang='lat' dir='ltr'><strong>ratio</strong></span> <span class='ocrx_word' id='word_1_445' title='bbox 2321 509 2490 566; x_wconf 80' lang='lat' dir='ltr'><strong>nostri</strong></span> <span class='ocrx_word' id='word_1_446' title='bbox 2514 509 2797 566; x_wconf 89' lang='lat' dir='ltr'><strong>obtinendi</strong></span> <span class='ocrx_word' id='word_1_447' title='bbox 2811 550 2824 571; x_wconf 86' lang='lat'><strong>,</strong></span> <span class='ocrx_word' id='word_1_448' title='bbox 2848 525 2975 580; x_wconf 65' lang='lat' dir='ltr'><strong>quaa,</strong></span> <span class='ocrx_word' id='word_1_449' title='bbox 2996 511 3126 566; x_wconf 82' lang='lat' dir='ltr'><strong>alte-</strong></span> 
     </span>
     <span class='ocr_line' id='line_1_65' title="bbox 1816 587 3126 661; baseline 0.001 -18"><span class='ocrx_word' id='word_1_450' title='bbox 1816 605 1873 643; x_wconf 89' lang='lat' dir='ltr'><strong>ra</strong></span> <span class='ocrx_word' id='word_1_451' title='bbox 1898 589 2037 660; x_wconf 81' lang='lat' dir='ltr'><strong>juris</strong></span> <span class='ocrx_word' id='word_1_452' title='bbox 2062 605 2185 661; x_wconf 84' lang='lat' dir='ltr'><strong>pars</strong></span> <span class='ocrx_word' id='word_1_453' title='bbox 2206 599 2300 648; x_wconf 83' lang='lat' dir='ltr'><strong>est.</strong></span> <span class='ocrx_word' id='word_1_454' title='bbox 2322 588 2488 658; x_wconf 84' lang='lat' dir='ltr'><strong>posita</strong></span> <span class='ocrx_word' id='word_1_455' title='bbox 2516 587 2571 642; x_wconf 89' lang='lat' dir='ltr'><strong>in</strong></span> <span class='ocrx_word' id='word_1_456' title='bbox 2597 588 2831 660; x_wconf 83' lang='lat' dir='ltr'><strong>judiciis,</strong></span> <span class='ocrx_word' id='word_1_457' title='bbox 2854 589 3126 658; x_wconf 86' lang='lat' dir='ltr'><strong>quomodo</strong></span> 
     </span>
     <span class='ocr_line' id='line_1_66' title="bbox 1814 665 3127 730; baseline 0.001 -9"><span class='ocrx_word' id='word_1_458' title='bbox 1814 683 1869 721; x_wconf 90' lang='lat' dir='ltr'><strong>se</strong></span> <span class='ocrx_word' id='word_1_459' title='bbox 1895 667 2007 722; x_wconf 86' lang='lat' dir='ltr'><strong>istis</strong></span> <span class='ocrx_word' id='word_1_460' title='bbox 2032 667 2243 730; x_wconf 84' lang='lat' dir='ltr'><strong>habeat.</strong></span> <span class='ocrx_word' id='word_1_461' title='bbox 2266 665 2558 722; x_wconf 85' lang='lat' dir='ltr'><strong>videamus.</strong></span> <span class='ocrx_word' id='word_1_462' title='bbox 2584 667 2690 722; x_wconf 86' lang='lat' dir='ltr'><strong>Hic</strong></span> <span class='ocrx_word' id='word_1_463' title='bbox 2716 681 2839 722; x_wconf 82' lang='lat' dir='ltr'><strong>vero</strong></span> <span class='ocrx_word' id='word_1_464' title='bbox 2864 665 3005 722; x_wconf 84' lang='lat' dir='ltr'><strong>nihil</strong></span> <span class='ocrx_word' id='word_1_465' title='bbox 3046 682 3127 722; x_wconf 85' lang='lat' dir='ltr'><strong>sa-</strong></span> 
     </span>
     <span class='ocr_line' id='line_1_67' title="bbox 1816 742 3126 817; baseline 0.002 -19"><span class='ocrx_word' id='word_1_466' title='bbox 1816 744 1970 806; x_wconf 80' lang='lat' dir='ltr'><strong>nius.</strong></span> <span class='ocrx_word' id='word_1_467' title='bbox 1994 761 2160 817; x_wconf 86' lang='lat' dir='ltr'><strong>quam</strong></span> <span class='ocrx_word' id='word_1_468' title='bbox 2202 745 2259 801; x_wconf 90' lang='lat' dir='ltr'><strong>in</strong></span> <span class='ocrx_word' id='word_1_469' title='bbox 2298 742 2565 814; x_wconf 80' lang='lat' dir='ltr'><strong>superiore</strong></span> <span class='ocrx_word' id='word_1_470' title='bbox 2600 753 2753 814; x_wconf 82' lang='lat' dir='ltr'><strong>parte</strong></span> <span class='ocrx_word' id='word_1_471' title='bbox 2788 742 3126 815; x_wconf 81' lang='lat' dir='ltr'><strong>explicanda.</strong></span> 
     </span>
     <span class='ocr_line' id='line_1_68' title="bbox 1819 821 3131 893; baseline 0.001 -17"><span class='ocrx_word' id='word_1_472' title='bbox 1819 822 1979 887; x_wconf 81' lang='lat' dir='ltr'><strong>Nam,</strong></span> <span class='ocrx_word' id='word_1_473' title='bbox 1993 839 2117 878; x_wconf 88' lang='lat' dir='ltr'><strong>eum</strong></span> <span class='ocrx_word' id='word_1_474' title='bbox 2142 821 2333 893; x_wconf 83' lang='lat' dir='ltr'><strong>judicii</strong></span> <span class='ocrx_word' id='word_1_475' title='bbox 2358 821 2505 880; x_wconf 75' lang='lat' dir='ltr'><strong>velut</strong></span> <span class='ocrx_word' id='word_1_476' title='bbox 2520 831 2693 892; x_wconf 63' lang='lat' dir='ltr'><strong>parta</strong></span> <span class='ocrx_word' id='word_1_477' title='bbox 2712 822 2795 878; x_wconf 68' lang='lat' dir='ltr'><strong>ha</strong></span> <span class='ocrx_word' id='word_1_478' title='bbox 2808 821 2931 882; x_wconf 85' lang='lat' dir='ltr'><strong>sint,</strong></span> <span class='ocrx_word' id='word_1_479' title='bbox 2958 821 3012 877; x_wconf 87' lang='lat' dir='ltr'><strong>in</strong></span> <span class='ocrx_word' id='word_1_480' title='bbox 3038 823 3131 893; x_wconf 78' lang='lat' dir='ltr'><strong>jus</strong></span> 
     </span>
     <span class='ocr_line' id='line_1_69' title="bbox 1820 898 3127 970; baseline 0.002 -16"><span class='ocrx_word' id='word_1_481' title='bbox 1820 901 2041 964; x_wconf 79' lang='lat' dir='ltr'><strong>vocatio,</strong></span> <span class='ocrx_word' id='word_1_482' title='bbox 2062 899 2175 956; x_wconf 86' lang='lat' dir='ltr'><strong>litis</strong></span> <span class='ocrx_word' id='word_1_483' title='bbox 2196 917 2293 956; x_wconf 86' lang='lat' dir='ltr'><strong>con</strong></span> <span class='ocrx_word' id='word_1_484' title='bbox 2300 898 2521 962; x_wconf 75' lang='lat' dir='ltr'><strong>testatio,</strong></span> <span class='ocrx_word' id='word_1_485' title='bbox 2532 915 2726 956; x_wconf 75' lang='lat' dir='ltr'><strong>caussae</strong></span> <span class='ocrx_word' id='word_1_486' title='bbox 2740 899 2989 968; x_wconf 71' lang='lat' dir='ltr'><strong>cognitio,</strong></span> <span class='ocrx_word' id='word_1_487' title='bbox 3003 917 3127 970; x_wconf 63' lang='lat' dir='ltr'><strong>quae</strong></span> 
     </span>
     <span class='ocr_line' id='line_1_70' title="bbox 1820 976 3127 1048; baseline 0 -16"><span class='ocrx_word' id='word_1_488' title='bbox 1820 976 1878 1032; x_wconf 88' lang='lat' dir='ltr'><strong>in</strong></span> <span class='ocrx_word' id='word_1_489' title='bbox 1918 979 2325 1048; x_wconf 78' lang='lat' dir='ltr'><strong>probationibus</strong></span> <span class='ocrx_word' id='word_1_490' title='bbox 2363 989 2630 1039; x_wconf 82' lang='lat' dir='ltr'><strong>versatur,</strong></span> <span class='ocrx_word' id='word_1_491' title='bbox 2662 993 2741 1032; x_wconf 80' lang='lat' dir='ltr'><strong>res</strong></span> <span class='ocrx_word' id='word_1_492' title='bbox 2775 977 3013 1048; x_wconf 78' lang='lat' dir='ltr'><strong>judicata</strong></span> <span class='ocrx_word' id='word_1_493' title='bbox 3032 1020 3047 1036; x_wconf 80' lang='grc'>,</span> <span class='ocrx_word' id='word_1_494' title='bbox 3074 987 3127 1032; x_wconf 80' lang='lat' dir='ltr'><strong>et</strong></span> 
     </span>
     <span class='ocr_line' id='line_1_71' title="bbox 1812 1054 3126 1128; baseline 0.001 -19"><span class='ocrx_word' id='word_1_495' title='bbox 1812 1071 1939 1125; x_wconf 78' lang='lat' dir='ltr'><strong>quae</strong></span> <span class='ocrx_word' id='word_1_496' title='bbox 1965 1055 2109 1112; x_wconf 85' lang='lat' dir='ltr'><strong>hanc</strong></span> <span class='ocrx_word' id='word_1_497' title='bbox 2134 1054 2286 1128; x_wconf 83' lang='lat' dir='ltr'><strong>sequi</strong></span> <span class='ocrx_word' id='word_1_498' title='bbox 2323 1055 2494 1110; x_wconf 84' lang='lat' dir='ltr'><strong>solent</strong></span> <span class='ocrx_word' id='word_1_499' title='bbox 2531 1055 2611 1110; x_wconf 81' lang='lat' dir='ltr'><strong>vel</strong></span> <span class='ocrx_word' id='word_1_500' title='bbox 2638 1056 2707 1110; x_wconf 81' lang='lat' dir='ltr'><strong>ad</strong></span> <span class='ocrx_word' id='word_1_501' title='bbox 2735 1054 3126 1111; x_wconf 80' lang='lat' dir='ltr'><strong>infirmandam</strong></span> 
     </span>
     <span class='ocr_line' id='line_1_72' title="bbox 1815 1131 3130 1204; baseline 0 -16"><span class='ocrx_word' id='word_1_502' title='bbox 1815 1135 2166 1199; x_wconf 78' lang='lat' dir='ltr'><strong>sententiam,</strong></span> <span class='ocrx_word' id='word_1_503' title='bbox 2193 1136 2275 1190; x_wconf 80' lang='lat' dir='ltr'><strong>vel</strong></span> <span class='ocrx_word' id='word_1_504' title='bbox 2301 1134 2369 1188; x_wconf 91' lang='lat' dir='ltr'><strong>ad</strong></span> <span class='ocrx_word' id='word_1_505' title='bbox 2412 1131 2655 1189; x_wconf 76' lang='lat' dir='ltr'><strong>eflectum</strong></span> <span class='ocrx_word' id='word_1_506' title='bbox 2698 1134 3093 1204; x_wconf 74' lang='lat' dir='ltr'><strong>perducendam</strong></span> <span class='ocrx_word' id='word_1_507' title='bbox 3114 1175 3130 1196; x_wconf 89' lang='lat'><strong>.</strong></span> 
     </span>
     <span class='ocr_line' id='line_1_73' title="bbox 1816 1209 3129 1282; baseline 0.002 -16"><span class='ocrx_word' id='word_1_508' title='bbox 1816 1213 2101 1282; x_wconf 83' lang='lat' dir='ltr'><strong>appellatio</strong></span> <span class='ocrx_word' id='word_1_509' title='bbox 2118 1253 2135 1274; x_wconf 80' lang='grc'><em>,</em></span> <span class='ocrx_word' id='word_1_510' title='bbox 2182 1222 2235 1268; x_wconf 89' lang='lat' dir='ltr'><strong>et</strong></span> <span class='ocrx_word' id='word_1_511' title='bbox 2286 1209 2362 1266; x_wconf 76' lang='lat' dir='ltr'><strong>rei</strong></span> <span class='ocrx_word' id='word_1_512' title='bbox 2411 1210 2663 1282; x_wconf 83' lang='lat' dir='ltr'><strong>judicatae</strong></span> <span class='ocrx_word' id='word_1_513' title='bbox 2700 1212 2972 1267; x_wconf 78' lang='lat' dir='ltr'><strong>executio:</strong></span> <span class='ocrx_word' id='word_1_514' title='bbox 3008 1212 3129 1268; x_wconf 70' lang='lat' dir='ltr'><strong>lia-c</strong></span> 
     </span>
     <span class='ocr_line' id='line_1_74' title="bbox 1816 1288 3129 1361; baseline 0.001 -18"><span class='ocrx_word' id='word_1_515' title='bbox 1816 1290 2059 1345; x_wconf 86' lang='lat' dir='ltr'><strong>membra</strong></span> <span class='ocrx_word' id='word_1_516' title='bbox 2087 1289 2163 1345; x_wconf 84' lang='lat' dir='ltr'><strong>ita</strong></span> <span class='ocrx_word' id='word_1_517' title='bbox 2188 1290 2396 1346; x_wconf 81' lang='lat' dir='ltr'><strong>divulsa</strong></span> <span class='ocrx_word' id='word_1_518' title='bbox 2422 1297 2548 1343; x_wconf 88' lang='lat' dir='ltr'><strong>sunt</strong></span> <span class='ocrx_word' id='word_1_519' title='bbox 2573 1288 2631 1343; x_wconf 86' lang='lat' dir='ltr'><strong>in</strong></span> <span class='ocrx_word' id='word_1_520' title='bbox 2660 1299 2763 1345; x_wconf 82' lang='lat' dir='ltr'><strong>tota</strong></span> <span class='ocrx_word' id='word_1_521' title='bbox 2788 1289 2893 1344; x_wconf 79' lang='lat' dir='ltr'><strong>hac</strong></span> <span class='ocrx_word' id='word_1_522' title='bbox 2914 1306 3129 1361; x_wconf 79' lang='lat' dir='ltr'><strong>compo-</strong></span> 
     </span>
     <span class='ocr_line' id='line_1_75' title="bbox 1816 1365 3127 1445; baseline 0 -23"><span class='ocrx_word' id='word_1_523' title='bbox 1816 1367 2022 1428; x_wconf 80' lang='lat' dir='ltr'><strong>sitione,</strong></span> <span class='ocrx_word' id='word_1_524' title='bbox 2048 1377 2108 1423; x_wconf 88' lang='lat' dir='ltr'><strong>ut</strong></span> <span class='ocrx_word' id='word_1_525' title='bbox 2125 1369 2290 1445; x_wconf 20' lang='lat' dir='ltr'><strong>‘citius</strong></span> <span class='ocrx_word' id='word_1_526' title='bbox 2314 1365 2544 1438; x_wconf 80' lang='lat' dir='ltr'><strong>quidvis,</strong></span> <span class='ocrx_word' id='word_1_527' title='bbox 2567 1383 2733 1439; x_wconf 84' lang='lat' dir='ltr'><strong>quam</strong></span> <span class='ocrx_word' id='word_1_528' title='bbox 2750 1367 2863 1422; x_wconf 78' lang='lat' dir='ltr'><strong>haec</strong></span> <span class='ocrx_word' id='word_1_529' title='bbox 2886 1368 3127 1438; x_wconf 78' lang='lat' dir='ltr'><strong>ejusdem</strong></span> 
     </span>
     <span class='ocr_line' id='line_1_76' title="bbox 1814 1445 3133 1517; baseline 0.001 -17"><span class='ocrx_word' id='word_1_530' title='bbox 1814 1445 2049 1517; x_wconf 85' lang='lat' dir='ltr'><strong>corporis</strong></span> <span class='ocrx_word' id='word_1_531' title='bbox 2072 1447 2314 1502; x_wconf 88' lang='lat' dir='ltr'><strong>membra</strong></span> <span class='ocrx_word' id='word_1_532' title='bbox 2338 1461 2449 1500; x_wconf 81' lang='lat' dir='ltr'><strong>esse</strong></span> <span class='ocrx_word' id='word_1_533' title='bbox 2470 1452 2839 1515; x_wconf 71' lang='lat' dir='ltr'><strong>agnoscantur.</strong></span> <span class='ocrx_word' id='word_1_534' title='bbox 2880 1445 3017 1500; x_wconf 77' lang='lat' dir='ltr'><strong>Nam</strong></span> <span class='ocrx_word' id='word_1_535' title='bbox 3058 1447 3133 1501; x_wconf 84' lang='lat' dir='ltr'><strong>de</strong></span> 
     </span>
     <span class='ocr_line' id='line_1_77' title="bbox 1809 1521 3127 1594; baseline 0.001 -16"><span class='ocrx_word' id='word_1_536' title='bbox 1809 1523 1876 1578; x_wconf 75' lang='lat' dir='ltr'><strong>in</strong></span> <span class='ocrx_word' id='word_1_537' title='bbox 1899 1525 1988 1594; x_wconf 73' lang='lat' dir='ltr'><strong>Jus</strong></span> <span class='ocrx_word' id='word_1_538' title='bbox 2013 1523 2299 1586; x_wconf 77' lang='lat' dir='ltr'><strong>vocatione.</strong></span> <span class='ocrx_word' id='word_1_539' title='bbox 2321 1531 2373 1579; x_wconf 87' lang='lat' dir='ltr'><strong>et</strong></span> <span class='ocrx_word' id='word_1_540' title='bbox 2388 1521 2603 1594; x_wconf 63' lang='lat' dir='ltr'><strong>iisque</strong></span> <span class='ocrx_word' id='word_1_541' title='bbox 2628 1531 2833 1578; x_wconf 70' lang='lat' dir='ltr'><strong>nectum</strong></span> <span class='ocrx_word' id='word_1_542' title='bbox 2855 1523 3127 1594; x_wconf 81' lang='lat' dir='ltr'><strong>judicium</strong></span> 
     </span>
     <span class='ocr_line' id='line_1_78' title="bbox 1816 1599 3133 1672; baseline 0.002 -17"><span class='ocrx_word' id='word_1_543' title='bbox 1816 1602 2171 1662; x_wconf 69' lang='lat' dir='ltr'><strong>antecedunt.</strong></span> <span class='ocrx_word' id='word_1_544' title='bbox 2194 1601 2375 1672; x_wconf 85' lang='lat' dir='ltr'><strong>agitur</strong></span> <span class='ocrx_word' id='word_1_545' title='bbox 2398 1599 2455 1656; x_wconf 82' lang='lat' dir='ltr'><strong>in</strong></span> <span class='ocrx_word' id='word_1_546' title='bbox 2495 1601 2667 1672; x_wconf 86' lang='lat' dir='ltr'><strong>prima</strong></span> <span class='ocrx_word' id='word_1_547' title='bbox 2708 1610 2874 1671; x_wconf 70' lang='lat' dir='ltr'><strong>parte.</strong></span> <span class='ocrx_word' id='word_1_548' title='bbox 2912 1601 2991 1656; x_wconf 84' lang='lat' dir='ltr'><strong>De</strong></span> <span class='ocrx_word' id='word_1_549' title='bbox 3016 1601 3133 1658; x_wconf 90' lang='lat' dir='ltr'><strong>litis</strong></span> 
     </span>
     <span class='ocr_line' id='line_1_79' title="bbox 1816 1678 3132 1750; baseline 0.001 -16"><span class='ocrx_word' id='word_1_550' title='bbox 1816 1680 2196 1736; x_wconf 73' lang='lat' dir='ltr'><strong>contestatione</strong></span> <span class='ocrx_word' id='word_1_551' title='bbox 2234 1682 2289 1736; x_wconf 89' lang='lat' dir='ltr'><strong>in</strong></span> <span class='ocrx_word' id='word_1_552' title='bbox 2318 1678 2599 1736; x_wconf 86' lang='lat' dir='ltr'><strong>Pandeetis</strong></span> <span class='ocrx_word' id='word_1_553' title='bbox 2624 1695 2893 1749; x_wconf 79' lang='lat' dir='ltr'><strong>nusquam</strong></span> <span class='ocrx_word' id='word_1_554' title='bbox 2918 1690 3132 1750; x_wconf 76' lang='lat' dir='ltr'><strong>aperte,</strong></span> 
     </span>
     <span class='ocr_line' id='line_1_80' title="bbox 1818 1755 3135 1828; baseline 0.001 -15"><span class='ocrx_word' id='word_1_555' title='bbox 1818 1765 2031 1813; x_wconf 87' lang='lat' dir='ltr'><strong>tantum</strong></span> <span class='ocrx_word' id='word_1_556' title='bbox 2070 1759 2320 1828; x_wconf 70' lang='lat' dir='ltr'><strong>quaedam</strong></span> <span class='ocrx_word' id='word_1_557' title='bbox 2336 1797 2352 1820; x_wconf 91' lang='lat'><strong>,</strong></span> <span class='ocrx_word' id='word_1_558' title='bbox 2388 1771 2511 1827; x_wconf 79' lang='lat' dir='ltr'><strong>quae</strong></span> <span class='ocrx_word' id='word_1_559' title='bbox 2558 1755 2628 1812; x_wconf 87' lang='lat' dir='ltr'><strong>ad</strong></span> <span class='ocrx_word' id='word_1_560' title='bbox 2665 1773 2785 1812; x_wconf 72' lang='lat' dir='ltr'><strong>enm</strong></span> <span class='ocrx_word' id='word_1_561' title='bbox 2824 1757 3135 1828; x_wconf 67' lang='lat' dir='ltr'><strong>pertinent,</strong></span> 
     </span>
     <span class='ocr_line' id='line_1_81' title="bbox 1818 1834 3137 1904; baseline 0.002 -14"><span class='ocrx_word' id='word_1_562' title='bbox 1818 1836 1974 1904; x_wconf 88' lang='lat' dir='ltr'><strong>quasi</strong></span> <span class='ocrx_word' id='word_1_563' title='bbox 2014 1835 2166 1891; x_wconf 88' lang='lat' dir='ltr'><strong>aliud</strong></span> <span class='ocrx_word' id='word_1_564' title='bbox 2191 1835 2424 1904; x_wconf 79' lang='lat' dir='ltr'><strong>agendo.</strong></span> <span class='ocrx_word' id='word_1_565' title='bbox 2448 1834 2791 1904; x_wconf 81' lang='lat' dir='ltr'><strong>attinguntur</strong></span> <span class='ocrx_word' id='word_1_566' title='bbox 2825 1836 2928 1890; x_wconf 85' lang='lat' dir='ltr'><strong>snb</strong></span> <span class='ocrx_word' id='word_1_567' title='bbox 2966 1835 3137 1892; x_wconf 84' lang='lat' dir='ltr'><strong>titulo</strong></span> 
     </span>
     <span class='ocr_line' id='line_1_82' title="bbox 1824 1911 3135 1984; baseline 0.002 -16"><span class='ocrx_word' id='word_1_568' title='bbox 1824 1913 1900 1968; x_wconf 75' lang='lat' dir='ltr'><strong>De</strong></span> <span class='ocrx_word' id='word_1_569' title='bbox 1926 1913 2171 1976; x_wconf 63' lang='lat' dir='ltr'><strong>ludiosis.</strong></span> <span class='ocrx_word' id='word_1_570' title='bbox 2195 1913 2359 1984; x_wconf 87' lang='lat' dir='ltr'><strong>idque</strong></span> <span class='ocrx_word' id='word_1_571' title='bbox 2386 1913 2442 1968; x_wconf 87' lang='lat' dir='ltr'><strong>in</strong></span> <span class='ocrx_word' id='word_1_572' title='bbox 2469 1911 2699 1968; x_wconf 82' lang='lat' dir='ltr'><strong>secunda</strong></span> <span class='ocrx_word' id='word_1_573' title='bbox 2728 1921 2893 1982; x_wconf 84' lang='lat' dir='ltr'><strong>parte.</strong></span> <span class='ocrx_word' id='word_1_574' title='bbox 2918 1912 3135 1984; x_wconf 80' lang='lat' dir='ltr'><strong>Depre·</strong></span> 
     </span>
     <span class='ocr_line' id='line_1_83' title="bbox 1820 1990 3135 2062; baseline 0.002 -16"><span class='ocrx_word' id='word_1_575' title='bbox 1820 1990 2129 2047; x_wconf 85' lang='lat' dir='ltr'><strong>bationibus</strong></span> <span class='ocrx_word' id='word_1_576' title='bbox 2150 1991 2329 2062; x_wconf 81' lang='lat' dir='ltr'><strong>agitur</strong></span> <span class='ocrx_word' id='word_1_577' title='bbox 2370 1991 2425 2045; x_wconf 89' lang='lat' dir='ltr'><strong>in</strong></span> <span class='ocrx_word' id='word_1_578' title='bbox 2467 1997 2661 2062; x_wconf 85' lang='lat' dir='ltr'><strong>quarta</strong></span> <span class='ocrx_word' id='word_1_579' title='bbox 2702 1991 2923 2046; x_wconf 88' lang='lat' dir='ltr'><strong>demum</strong></span> <span class='ocrx_word' id='word_1_580' title='bbox 2948 2001 3100 2062; x_wconf 82' lang='lat' dir='ltr'><strong>parte</strong></span> <span class='ocrx_word' id='word_1_581' title='bbox 3118 2035 3135 2055; x_wconf 88' lang='lat'><strong>,</strong></span> 
     </span>
     <span class='ocr_line' id='line_1_84' title="bbox 1818 2067 3135 2141; baseline 0.004 -19"><span class='ocrx_word' id='word_1_582' title='bbox 1818 2067 1984 2141; x_wconf 89' lang='lat' dir='ltr'><strong>idque</strong></span> <span class='ocrx_word' id='word_1_583' title='bbox 2033 2069 2175 2124; x_wconf 86' lang='lat' dir='ltr'><strong>inter</strong></span> <span class='ocrx_word' id='word_1_584' title='bbox 2215 2068 2417 2124; x_wconf 86' lang='lat' dir='ltr'><strong>medios</strong></span> <span class='ocrx_word' id='word_1_585' title='bbox 2454 2076 2753 2124; x_wconf 85' lang='lat' dir='ltr'><strong>contractus</strong></span> <span class='ocrx_word' id='word_1_586' title='bbox 2770 2108 2783 2129; x_wconf 81' lang='grc'><em>,</em></span> <span class='ocrx_word' id='word_1_587' title='bbox 2820 2069 2976 2139; x_wconf 81' lang='lat' dir='ltr'><strong>quasi</strong></span> <span class='ocrx_word' id='word_1_588' title='bbox 3014 2070 3135 2126; x_wconf 66' lang='lat' dir='ltr'><strong>haec</strong></span> 
     </span>
     <span class='ocr_line' id='line_1_85' title="bbox 1821 2145 3139 2218; baseline 0.002 -16"><span class='ocrx_word' id='word_1_589' title='bbox 1821 2163 1943 2216; x_wconf 86' lang='lat' dir='ltr'><strong>pars</strong></span> <span class='ocrx_word' id='word_1_590' title='bbox 1966 2145 2109 2202; x_wconf 88' lang='lat' dir='ltr'><strong>nihil</strong></span> <span class='ocrx_word' id='word_1_591' title='bbox 2134 2147 2205 2202; x_wconf 88' lang='lat' dir='ltr'><strong>ad</strong></span> <span class='ocrx_word' id='word_1_592' title='bbox 2230 2147 2464 2218; x_wconf 84' lang='lat' dir='ltr'><strong>reliquas</strong></span> <span class='ocrx_word' id='word_1_593' title='bbox 2488 2161 2711 2211; x_wconf 82' lang='lat' dir='ltr'><strong>caussas,</strong></span> <span class='ocrx_word' id='word_1_594' title='bbox 2747 2162 2870 2217; x_wconf 67' lang='lat' dir='ltr'><strong>quae</strong></span> <span class='ocrx_word' id='word_1_595' title='bbox 2900 2146 2957 2201; x_wconf 87' lang='lat' dir='ltr'><strong>in</strong></span> <span class='ocrx_word' id='word_1_596' title='bbox 2983 2148 3139 2218; x_wconf 78' lang='lat' dir='ltr'><strong>judi·-</strong></span> 
     </span>
     <span class='ocr_line' id='line_1_86' title="bbox 1820 2224 3135 2296; baseline 0.003 -18"><span class='ocrx_word' id='word_1_597' title='bbox 1820 2224 1967 2280; x_wconf 85' lang='lat' dir='ltr'><strong>cium</strong></span> <span class='ocrx_word' id='word_1_598' title='bbox 1994 2224 2678 2296; x_wconf 59' lang='lat' dir='ltr'><strong>deducunturcqu&#39;dquam</strong></span> <span class='ocrx_word' id='word_1_599' title='bbox 2704 2224 2997 2294; x_wconf 85' lang='lat' dir='ltr'><strong>pertineat,</strong></span> <span class='ocrx_word' id='word_1_600' title='bbox 3035 2237 3135 2283; x_wconf 87' lang='lat' dir='ltr'><strong>aut</strong></span> 
     </span>
     <span class='ocr_line' id='line_1_87' title="bbox 1822 2301 3139 2375; baseline 0.002 -17"><span class='ocrx_word' id='word_1_601' title='bbox 1822 2303 1984 2368; x_wconf 80' lang='lat' dir='ltr'><strong>adeo,</strong></span> <span class='ocrx_word' id='word_1_602' title='bbox 2032 2303 2188 2375; x_wconf 82' lang='lat' dir='ltr'><strong>quasi</strong></span> <span class='ocrx_word' id='word_1_603' title='bbox 2236 2301 2539 2373; x_wconf 72' lang='lat' dir='ltr'><strong>quidquam</strong></span> <span class='ocrx_word' id='word_1_604' title='bbox 2590 2317 2713 2356; x_wconf 87' lang='lat' dir='ltr'><strong>cum</strong></span> <span class='ocrx_word' id='word_1_605' title='bbox 2767 2303 3139 2360; x_wconf 79' lang='lat' dir='ltr'><strong>contractibus</strong></span> 
     </span>
     <span class='ocr_line' id='line_1_88' title="bbox 1822 2379 3139 2452; baseline 0 -16"><span class='ocrx_word' id='word_1_606' title='bbox 1822 2396 2110 2436; x_wconf 79' lang='lat' dir='ltr'><strong>commune</strong></span> <span class='ocrx_word' id='word_1_607' title='bbox 2146 2379 2359 2436; x_wconf 84' lang='lat' dir='ltr'><strong>habeat.</strong></span> <span class='ocrx_word' id='word_1_608' title='bbox 2386 2380 2463 2434; x_wconf 89' lang='lat' dir='ltr'><strong>De</strong></span> <span class='ocrx_word' id='word_1_609' title='bbox 2489 2396 2546 2435; x_wconf 92' lang='lat' dir='ltr'><strong>re</strong></span> <span class='ocrx_word' id='word_1_610' title='bbox 2567 2379 2822 2450; x_wconf 81' lang='lat' dir='ltr'><strong>iudicata.</strong></span> <span class='ocrx_word' id='word_1_611' title='bbox 2850 2387 2903 2436; x_wconf 90' lang='lat' dir='ltr'><strong>et</strong></span> <span class='ocrx_word' id='word_1_612' title='bbox 2929 2381 3005 2436; x_wconf 88' lang='lat' dir='ltr'><strong>rei</strong></span> <span class='ocrx_word' id='word_1_613' title='bbox 3044 2383 3139 2452; x_wconf 82' lang='lat' dir='ltr'><strong>ju-</strong></span> 
     </span>
     <span class='ocr_line' id='line_1_89' title="bbox 1819 2455 3137 2529; baseline 0.002 -15"><span class='ocrx_word' id='word_1_614' title='bbox 1819 2458 2007 2514; x_wconf 71' lang='lat' dir='ltr'><strong>dicatae</strong></span> <span class='ocrx_word' id='word_1_615' title='bbox 2022 2459 2331 2516; x_wconf 79' lang='lat' dir='ltr'><strong>executione</strong></span> <span class='ocrx_word' id='word_1_616' title='bbox 2356 2459 2536 2528; x_wconf 88' lang='lat' dir='ltr'><strong>agitur</strong></span> <span class='ocrx_word' id='word_1_617' title='bbox 2551 2455 2641 2513; x_wconf 77' lang='lat' dir='ltr'><strong>vix</strong></span> <span class='ocrx_word' id='word_1_618' title='bbox 2656 2457 2873 2514; x_wconf 87' lang='lat' dir='ltr'><strong>tandem</strong></span> <span class='ocrx_word' id='word_1_619' title='bbox 2900 2457 2959 2514; x_wconf 88' lang='lat' dir='ltr'><strong>in</strong></span> <span class='ocrx_word' id='word_1_620' title='bbox 2978 2469 3137 2529; x_wconf 84' lang='lat' dir='ltr'><strong>parte</strong></span> 
     </span>
     <span class='ocr_line' id='line_1_90' title="bbox 1819 2534 3137 2607; baseline 0.003 -17"><span class='ocrx_word' id='word_1_621' title='bbox 1819 2544 1993 2600; x_wconf 84' lang='lat' dir='ltr'><strong>sexta,</strong></span> <span class='ocrx_word' id='word_1_622' title='bbox 2029 2536 2201 2594; x_wconf 86' lang='lat' dir='ltr'><strong>titulis</strong></span> <span class='ocrx_word' id='word_1_623' title='bbox 2238 2534 2663 2607; x_wconf 79' lang='lat' dir='ltr'><strong>praeccdentibus</strong></span> <span class='ocrx_word' id='word_1_624' title='bbox 2692 2546 2745 2593; x_wconf 86' lang='lat' dir='ltr'><strong>et</strong></span> <span class='ocrx_word' id='word_1_625' title='bbox 2782 2538 3137 2606; x_wconf 82' lang='lat' dir='ltr'><strong>sequentibus</strong></span> 
     </span>
     <span class='ocr_line' id='line_1_91' title="bbox 1822 2614 3137 2685; baseline 0.002 -16"><span class='ocrx_word' id='word_1_626' title='bbox 1822 2614 1995 2671; x_wconf 88' lang='lat' dir='ltr'><strong>nihilo</strong></span> <span class='ocrx_word' id='word_1_627' title='bbox 2010 2616 2131 2685; x_wconf 89' lang='lat' dir='ltr'><strong>plus</strong></span> <span class='ocrx_word' id='word_1_628' title='bbox 2142 2632 2269 2671; x_wconf 82' lang='lat' dir='ltr'><strong>cum</strong></span> <span class='ocrx_word' id='word_1_629' title='bbox 2295 2614 2398 2671; x_wconf 85' lang='lat' dir='ltr'><strong>hac</strong></span> <span class='ocrx_word' id='word_1_630' title='bbox 2422 2623 2569 2685; x_wconf 87' lang='lat' dir='ltr'><strong>parte</strong></span> <span class='ocrx_word' id='word_1_631' title='bbox 2584 2630 2871 2671; x_wconf 83' lang='lat' dir='ltr'><strong>commune</strong></span> <span class='ocrx_word' id='word_1_632' title='bbox 2886 2615 3137 2672; x_wconf 81' lang='lat' dir='ltr'><strong>habenti-</strong></span> 
     </span>
     <span class='ocr_line' id='line_1_92' title="bbox 1824 2692 3133 2765; baseline 0.003 -18"><span class='ocrx_word' id='word_1_633' title='bbox 1824 2693 1941 2757; x_wconf 87' lang='lat' dir='ltr'><strong>bus,</strong></span> <span class='ocrx_word' id='word_1_634' title='bbox 1952 2708 2119 2764; x_wconf 85' lang='lat' dir='ltr'><strong>quam</strong></span> <span class='ocrx_word' id='word_1_635' title='bbox 2136 2694 2579 2749; x_wconf 83' lang='lat' dir='ltr'><strong>habueruntcum</strong></span> <span class='ocrx_word' id='word_1_636' title='bbox 2593 2692 2877 2763; x_wconf 86' lang='lat' dir='ltr'><strong>superiore:</strong></span> <span class='ocrx_word' id='word_1_637' title='bbox 2895 2692 3059 2765; x_wconf 87' lang='lat' dir='ltr'><strong>idque</strong></span> <span class='ocrx_word' id='word_1_638' title='bbox 3068 2695 3133 2751; x_wconf 78' lang='lat' dir='ltr'><strong>nt</strong></span> 
     </span>
     <span class='ocr_line' id='line_1_93' title="bbox 1824 2771 3137 2843; baseline 0.001 -18"><span class='ocrx_word' id='word_1_639' title='bbox 1824 2784 1947 2826; x_wconf 84' lang='lat' dir='ltr'><strong>ante</strong></span> <span class='ocrx_word' id='word_1_640' title='bbox 1978 2771 2403 2843; x_wconf 72' lang='lat' dir='ltr'><strong>obligationum,</strong></span> <span class='ocrx_word' id='word_1_641' title='bbox 2444 2772 2879 2842; x_wconf 85' lang='lat' dir='ltr'><strong>stipulationum,</strong></span> <span class='ocrx_word' id='word_1_642' title='bbox 2915 2771 3137 2827; x_wconf 84' lang='lat' dir='ltr'><strong>solutio·</strong></span> 
     </span>
     <span class='ocr_line' id='line_1_94' title="bbox 1822 2848 3131 2919; baseline 0.002 -16"><span class='ocrx_word' id='word_1_643' title='bbox 1822 2864 1972 2911; x_wconf 84' lang='lat' dir='ltr'><strong>num,</strong></span> <span class='ocrx_word' id='word_1_644' title='bbox 1986 2859 2039 2905; x_wconf 87' lang='lat' dir='ltr'><strong>et</strong></span> <span class='ocrx_word' id='word_1_645' title='bbox 2050 2848 2311 2907; x_wconf 87' lang='lat' dir='ltr'><strong>similium</strong></span> <span class='ocrx_word' id='word_1_646' title='bbox 2330 2864 2511 2905; x_wconf 84' lang='lat' dir='ltr'><strong>rerum</strong></span> <span class='ocrx_word' id='word_1_647' title='bbox 2528 2850 2597 2905; x_wconf 88' lang='lat' dir='ltr'><strong>ad</strong></span> <span class='ocrx_word' id='word_1_648' title='bbox 2609 2850 2697 2919; x_wconf 69' lang='lat' dir='ltr'><strong>¹ius</strong></span> <span class='ocrx_word' id='word_1_649' title='bbox 2710 2860 2951 2906; x_wconf 84' lang='lat' dir='ltr'><strong>nostrum</strong></span> <span class='ocrx_word' id='word_1_650' title='bbox 2966 2851 3131 2919; x_wconf 85' lang='lat' dir='ltr'><strong>perti-</strong></span> 
     </span>
     <span class='ocr_line' id='line_1_95' title="bbox 1822 2926 3135 2990; baseline 0.001 -9"><span class='ocrx_word' id='word_1_651' title='bbox 1822 2942 1923 2981; x_wconf 87' lang='lat' dir='ltr'><strong>nen</strong></span> <span class='ocrx_word' id='word_1_652' title='bbox 1930 2926 2066 2982; x_wconf 80' lang='lat' dir='ltr'><strong>tium</strong></span> <span class='ocrx_word' id='word_1_653' title='bbox 2082 2928 2467 2983; x_wconf 67' lang='lat' dir='ltr'><strong>tractationem</strong></span> <span class='ocrx_word' id='word_1_654' title='bbox 2478 2942 2601 2983; x_wconf 89' lang='lat' dir='ltr'><strong>cum</strong></span> <span class='ocrx_word' id='word_1_655' title='bbox 2618 2937 2816 2990; x_wconf 86' lang='lat' dir='ltr'><strong>tamen,</strong></span> <span class='ocrx_word' id='word_1_656' title='bbox 2829 2926 2930 2985; x_wconf 81' lang='lat' dir='ltr'><strong>nisi</strong></span> <span class='ocrx_word' id='word_1_657' title='bbox 2947 2927 3030 2983; x_wconf 88' lang='lat' dir='ltr'><strong>bis</strong></span> <span class='ocrx_word' id='word_1_658' title='bbox 3042 2944 3135 2982; x_wconf 85' lang='lat' dir='ltr'><strong>co-</strong></span> 
     </span>
     <span class='ocr_line' id='line_1_96' title="bbox 1820 3000 3137 3075; baseline 0.002 -16"><span class='ocrx_word' id='word_1_659' title='bbox 1820 3003 2119 3074; x_wconf 82' lang='lat' dir='ltr'><strong>gnitis‚non</strong></span> <span class='ocrx_word' id='word_1_660' title='bbox 2148 3005 2309 3075; x_wconf 66' lang='lat' dir='ltr'><strong>mssit</strong></span> <span class='ocrx_word' id='word_1_661' title='bbox 2332 3006 2399 3059; x_wconf 85' lang='lat' dir='ltr'><strong>de</strong></span> <span class='ocrx_word' id='word_1_662' title='bbox 2422 3021 2481 3060; x_wconf 84' lang='lat' dir='ltr'><strong>re</strong></span> <span class='ocrx_word' id='word_1_663' title='bbox 2505 3005 2562 3061; x_wconf 88' lang='lat' dir='ltr'><strong>in</strong></span> <span class='ocrx_word' id='word_1_664' title='bbox 2591 3006 2691 3061; x_wconf 87' lang='lat' dir='ltr'><strong>hoc</strong></span> <span class='ocrx_word' id='word_1_665' title='bbox 2717 3022 2907 3075; x_wconf 83' lang='lat' dir='ltr'><strong>genere</strong></span> <span class='ocrx_word' id='word_1_666' title='bbox 2920 3000 3137 3063; x_wconf 70' lang='lat' dir='ltr'><strong>contu)—</strong></span> 
     </span>
     <span class='ocr_line' id='line_1_97' title="bbox 1822 3082 3131 3155; baseline 0.005 -22"><span class='ocrx_word' id='word_1_667' title='bbox 1822 3098 1966 3137; x_wconf 81' lang='lat' dir='ltr'><strong>vcrsa</strong></span> <span class='ocrx_word' id='word_1_668' title='bbox 1992 3083 2295 3154; x_wconf 85' lang='lat' dir='ltr'><strong>quidquam</strong></span> <span class='ocrx_word' id='word_1_669' title='bbox 2318 3082 2569 3155; x_wconf 74' lang='lat' dir='ltr'><strong>judicari.</strong></span> <span class='ocrx_word' id='word_1_670' title='bbox 2595 3084 2681 3139; x_wconf 74' lang='lat' dir='ltr'><strong>Ad</strong></span> <span class='ocrx_word' id='word_1_671' title='bbox 2703 3094 3003 3140; x_wconf 84' lang='lat' dir='ltr'><strong>extremum</strong></span> <span class='ocrx_word' id='word_1_672' title='bbox 3029 3085 3131 3153; x_wconf 81' lang='lat' dir='ltr'><strong>qui</strong></span> 
     </span>
     <span class='ocr_line' id='line_1_98' title="bbox 1820 3159 3139 3234; baseline 0.002 -19"><span class='ocrx_word' id='word_1_673' title='bbox 1820 3159 1965 3215; x_wconf 85' lang='lat' dir='ltr'><strong>tituli</strong></span> <span class='ocrx_word' id='word_1_674' title='bbox 1978 3160 2052 3216; x_wconf 88' lang='lat' dir='ltr'><strong>rei</strong></span> <span class='ocrx_word' id='word_1_675' title='bbox 2063 3161 2331 3232; x_wconf 83' lang='lat' dir='ltr'><strong>judicatae</strong></span> <span class='ocrx_word' id='word_1_676' title='bbox 2344 3174 2403 3215; x_wconf 86' lang='lat' dir='ltr'><strong>su</strong></span> <span class='ocrx_word' id='word_1_677' title='bbox 2410 3160 2534 3231; x_wconf 84' lang='lat' dir='ltr'><strong>bjici</strong></span> <span class='ocrx_word' id='word_1_678' title='bbox 2544 3162 2813 3217; x_wconf 86' lang='lat' dir='ltr'><strong>debebant</strong></span> <span class='ocrx_word' id='word_1_679' title='bbox 2820 3163 2888 3217; x_wconf 84' lang='lat' dir='ltr'><strong>de</strong></span> <span class='ocrx_word' id='word_1_680' title='bbox 2896 3163 3139 3234; x_wconf 85' lang='lat' dir='ltr'><strong>appella-</strong></span> 
     </span>
     <span class='ocr_line' id='line_1_99' title="bbox 1828 3238 3137 3311; baseline 0.002 -18"><span class='ocrx_word' id='word_1_681' title='bbox 1828 3238 2080 3297; x_wconf 84' lang='lat' dir='ltr'><strong>tionibus.</strong></span> <span class='ocrx_word' id='word_1_682' title='bbox 2089 3247 2267 3309; x_wconf 87' lang='lat' dir='ltr'><strong>utpote</strong></span> <span class='ocrx_word' id='word_1_683' title='bbox 2281 3238 2528 3295; x_wconf 86' lang='lat' dir='ltr'><strong>remediis</strong></span> <span class='ocrx_word' id='word_1_684' title='bbox 2536 3240 2787 3295; x_wconf 80' lang='lat' dir='ltr'><strong>adversus</strong></span> <span class='ocrx_word' id='word_1_685' title='bbox 2800 3256 2912 3295; x_wconf 85' lang='lat' dir='ltr'><strong>rem</strong></span> <span class='ocrx_word' id='word_1_686' title='bbox 2925 3240 3137 3311; x_wconf 85' lang='lat' dir='ltr'><strong>judica-</strong></span> 
     </span>
     <span class='ocr_line' id='line_1_100' title="bbox 1826 3317 3139 3389; baseline 0.001 -17"><span class='ocrx_word' id='word_1_687' title='bbox 1826 3327 1937 3372; x_wconf 81' lang='lat' dir='ltr'><strong>tam</strong></span> <span class='ocrx_word' id='word_1_688' title='bbox 1960 3317 2293 3387; x_wconf 82' lang='lat' dir='ltr'><strong>comparatis:</strong></span> <span class='ocrx_word' id='word_1_689' title='bbox 2318 3317 2376 3372; x_wconf 87' lang='lat' dir='ltr'><strong>hi</strong></span> <span class='ocrx_word' id='word_1_690' title='bbox 2400 3317 2560 3385; x_wconf 82' lang='lat' dir='ltr'><strong>longo</strong></span> <span class='ocrx_word' id='word_1_691' title='bbox 2576 3328 2703 3387; x_wconf 82' lang='lat' dir='ltr'><strong>post.</strong></span> <span class='ocrx_word' id='word_1_692' title='bbox 2715 3317 2999 3375; x_wconf 80' lang='lat' dir='ltr'><strong>intervallo</strong></span> <span class='ocrx_word' id='word_1_693' title='bbox 3013 3334 3139 3389; x_wconf 84' lang='lat' dir='ltr'><strong>pro·-</strong></span> 
     </span>
     <span class='ocr_line' id='line_1_101' title="bbox 1831 3394 3136 3467; baseline 0 -16"><span class='ocrx_word' id='word_1_694' title='bbox 1831 3405 2108 3464; x_wconf 83' lang='lat' dir='ltr'><strong>pouuntur</strong></span> <span class='ocrx_word' id='word_1_695' title='bbox 2132 3395 2190 3450; x_wconf 89' lang='lat' dir='ltr'><strong>in</strong></span> <span class='ocrx_word' id='word_1_696' title='bbox 2218 3406 2369 3465; x_wconf 86' lang='lat' dir='ltr'><strong>parte</strong></span> <span class='ocrx_word' id='word_1_697' title='bbox 2390 3394 2629 3466; x_wconf 86' lang='lat' dir='ltr'><strong>septima,</strong></span> <span class='ocrx_word' id='word_1_698' title='bbox 2650 3397 2945 3467; x_wconf 87' lang='lat' dir='ltr'><strong>eademque</strong></span> <span class='ocrx_word' id='word_1_699' title='bbox 2958 3405 3136 3452; x_wconf 86' lang='lat' dir='ltr'><strong>extre-</strong></span> 
     </span>
     <span class='ocr_line' id='line_1_102' title="bbox 1830 3468 3142 3544; baseline 0.002 -19"><span class='ocrx_word' id='word_1_700' title='bbox 1830 3488 1935 3529; x_wconf 87' lang='lat' dir='ltr'><strong>ma.</strong></span> <span class='ocrx_word' id='word_1_701' title='bbox 1960 3468 2030 3529; x_wconf 82' lang='lat' dir='ltr'><strong>Et</strong></span> <span class='ocrx_word' id='word_1_702' title='bbox 2055 3473 2168 3529; x_wconf 81' lang='lat' dir='ltr'><strong>haec</strong></span> <span class='ocrx_word' id='word_1_703' title='bbox 2190 3473 2421 3544; x_wconf 80' lang='lat' dir='ltr'><strong>quidem</strong></span> <span class='ocrx_word' id='word_1_704' title='bbox 2438 3473 2495 3528; x_wconf 88' lang='lat' dir='ltr'><strong>in</strong></span> <span class='ocrx_word' id='word_1_705' title='bbox 2532 3475 2875 3531; x_wconf 78' lang='lat' dir='ltr'><strong>collocatione</strong></span> <span class='ocrx_word' id='word_1_706' title='bbox 2900 3490 3142 3529; x_wconf 75' lang='lat' dir='ltr'><strong>stimmo—</strong></span> 
     </span>
     <span class='ocr_line' id='line_1_103' title="bbox 1828 3550 3139 3623; baseline 0.002 -20"><span class='ocrx_word' id='word_1_707' title='bbox 1828 3566 1951 3605; x_wconf 88' lang='lat' dir='ltr'><strong>rum</strong></span> <span class='ocrx_word' id='word_1_708' title='bbox 1977 3566 2249 3617; x_wconf 83' lang='lat' dir='ltr'><strong>generum.</strong></span> <span class='ocrx_word' id='word_1_709' title='bbox 2273 3560 2325 3605; x_wconf 90' lang='lat' dir='ltr'><strong>et</strong></span> <span class='ocrx_word' id='word_1_710' title='bbox 2350 3553 2585 3621; x_wconf 78' lang='lat' dir='ltr'><strong>partium</strong></span> <span class='ocrx_word' id='word_1_711' title='bbox 2624 3552 2786 3607; x_wconf 85' lang='lat' dir='ltr'><strong>totius</strong></span> <span class='ocrx_word' id='word_1_712' title='bbox 2806 3550 2982 3623; x_wconf 86' lang='lat' dir='ltr'><strong>operis</strong></span> <span class='ocrx_word' id='word_1_713' title='bbox 3018 3566 3139 3622; x_wconf 86' lang='lat' dir='ltr'><strong>per·-</strong></span> 
     </span>
     <span class='ocr_line' id='line_1_104' title="bbox 1830 3628 2745 3689; baseline 0.005 -9"><span class='ocrx_word' id='word_1_714' title='bbox 1830 3628 2081 3689; x_wconf 83' lang='lat' dir='ltr'><strong>turbatio‚</strong></span> <span class='ocrx_word' id='word_1_715' title='bbox 2104 3638 2157 3684; x_wconf 90' lang='lat' dir='ltr'><strong>et</strong></span> <span class='ocrx_word' id='word_1_716' title='bbox 2180 3628 2419 3685; x_wconf 79' lang='lat' dir='ltr'><strong>confusio</strong></span> <span class='ocrx_word' id='word_1_717' title='bbox 2445 3644 2627 3685; x_wconf 81' lang='lat' dir='ltr'><strong>rerum</strong></span> <span class='ocrx_word' id='word_1_718' title='bbox 2650 3640 2745 3685; x_wconf 82' lang='lat' dir='ltr'><strong>cst.</strong></span> 
     </span>
    </p>

    <p class='ocr_par' dir='ltr' id='par_1_11' title="bbox 1824 3705 3145 4321">
     <span class='ocr_line' id='line_1_105' title="bbox 1902 3705 3137 3777; baseline 0.001 -17"><span class='ocrx_word' id='word_1_719' title='bbox 1902 3705 1973 3760; x_wconf 77' lang='lat' dir='ltr'><strong>X.</strong></span> <span class='ocrx_word' id='word_1_720' title='bbox 2012 3706 2157 3773; x_wconf 85' lang='lat' dir='ltr'><strong>Quid</strong></span> <span class='ocrx_word' id='word_1_721' title='bbox 2199 3706 2375 3762; x_wconf 82' lang='lat' dir='ltr'><strong>dicam</strong></span> <span class='ocrx_word' id='word_1_722' title='bbox 2415 3707 2527 3777; x_wconf 86' lang='lat' dir='ltr'><strong>jam</strong></span> <span class='ocrx_word' id='word_1_723' title='bbox 2568 3708 2637 3768; x_wconf 83' lang='lat' dir='ltr'><strong>de</strong></span> <span class='ocrx_word' id='word_1_724' title='bbox 2673 3708 3010 3777; x_wconf 72' lang='lat' dir='ltr'><strong>singulorum</strong></span> <span class='ocrx_word' id='word_1_725' title='bbox 3029 3745 3044 3766; x_wconf 88' lang='lat'><strong>.</strong></span> <span class='ocrx_word' id='word_1_726' title='bbox 3082 3717 3137 3762; x_wconf 87' lang='lat' dir='ltr'><strong>et</strong></span> 
     </span>
     <span class='ocr_line' id='line_1_106' title="bbox 1824 3782 3137 3852; baseline 0.003 -17"><span class='ocrx_word' id='word_1_727' title='bbox 1824 3782 2135 3852; x_wconf 85' lang='lat' dir='ltr'><strong>specialium</strong></span> <span class='ocrx_word' id='word_1_728' title='bbox 2162 3782 2443 3840; x_wconf 86' lang='lat' dir='ltr'><strong>titulorum</strong></span> <span class='ocrx_word' id='word_1_729' title='bbox 2468 3784 2804 3841; x_wconf 82' lang='lat' dir='ltr'><strong>tractatione?</strong></span> <span class='ocrx_word' id='word_1_730' title='bbox 2830 3784 3011 3852; x_wconf 75' lang='lat' dir='ltr'><strong>Quid?</strong></span> <span class='ocrx_word' id='word_1_731' title='bbox 3028 3784 3137 3839; x_wconf 86' lang='lat' dir='ltr'><strong>nisi</strong></span> 
     </span>
     <span class='ocr_line' id='line_1_107' title="bbox 1825 3860 3145 3936; baseline 0.002 -22"><span class='ocrx_word' id='word_1_732' title='bbox 1825 3860 1880 3914; x_wconf 89' lang='lat' dir='ltr'><strong>id</strong></span> <span class='ocrx_word' id='word_1_733' title='bbox 1900 3900 1914 3923; x_wconf 87' lang='lat'><strong>,</strong></span> <span class='ocrx_word' id='word_1_734' title='bbox 1936 3862 2081 3932; x_wconf 89' lang='lat' dir='ltr'><strong>quod</strong></span> <span class='ocrx_word' id='word_1_735' title='bbox 2126 3863 2307 3933; x_wconf 86' lang='lat' dir='ltr'><strong>palam</strong></span> <span class='ocrx_word' id='word_1_736' title='bbox 2332 3871 2409 3917; x_wconf 75' lang='lat' dir='ltr'><strong>est</strong></span> <span class='ocrx_word' id='word_1_737' title='bbox 2424 3902 2439 3925; x_wconf 85' lang='lat'><strong>,</strong></span> <span class='ocrx_word' id='word_1_738' title='bbox 2476 3864 2620 3919; x_wconf 87' lang='lat' dir='ltr'><strong>etde</strong></span> <span class='ocrx_word' id='word_1_739' title='bbox 2644 3880 2753 3936; x_wconf 88' lang='lat' dir='ltr'><strong>quo</strong></span> <span class='ocrx_word' id='word_1_740' title='bbox 2788 3864 2929 3919; x_wconf 87' lang='lat' dir='ltr'><strong>inter</strong></span> <span class='ocrx_word' id='word_1_741' title='bbox 2952 3879 3145 3921; x_wconf 84' lang='lat' dir='ltr'><strong>omncs</strong></span> 
     </span>
     <span class='ocr_line' id='line_1_108' title="bbox 1824 3938 3145 4014; baseline -0.001 -19"><span class='ocrx_word' id='word_1_742' title='bbox 1824 3938 2099 3995; x_wconf 77' lang='lat' dir='ltr'><strong>convenit?</strong></span> <span class='ocrx_word' id='word_1_743' title='bbox 2126 3940 2265 3996; x_wconf 82' lang='lat' dir='ltr'><strong>Nam</strong></span> <span class='ocrx_word' id='word_1_744' title='bbox 2292 3940 2453 3997; x_wconf 83' lang='lat' dir='ltr'><strong>etiam</strong></span> <span class='ocrx_word' id='word_1_745' title='bbox 2489 3941 2585 4012; x_wconf 87' lang='lat' dir='ltr'><strong>qui</strong></span> <span class='ocrx_word' id='word_1_746' title='bbox 2626 3942 2685 3997; x_wconf 88' lang='lat' dir='ltr'><strong>in</strong></span> <span class='ocrx_word' id='word_1_747' title='bbox 2726 3941 2969 4014; x_wconf 86' lang='lat' dir='ltr'><strong>partibus</strong></span> <span class='ocrx_word' id='word_1_748' title='bbox 2992 3956 3145 3995; x_wconf 63' lang='lat' dir='ltr'><strong>suni-</strong></span> 
     </span>
     <span class='ocr_line' id='line_1_109' title="bbox 1826 4014 3137 4091; baseline 0.002 -21"><span class='ocrx_word' id='word_1_749' title='bbox 1826 4014 1929 4071; x_wconf 87' lang='lat' dir='ltr'><strong>mis</strong></span> <span class='ocrx_word' id='word_1_750' title='bbox 1966 4016 2243 4080; x_wconf 86' lang='lat' dir='ltr'><strong>ordinem,</strong></span> <span class='ocrx_word' id='word_1_751' title='bbox 2280 4026 2333 4073; x_wconf 90' lang='lat' dir='ltr'><strong>et</strong></span> <span class='ocrx_word' id='word_1_752' title='bbox 2371 4020 2723 4075; x_wconf 84' lang='lat' dir='ltr'><strong>oeeonomiam</strong></span> <span class='ocrx_word' id='word_1_753' title='bbox 2762 4018 3003 4091; x_wconf 87' lang='lat' dir='ltr'><strong>aliquam</strong></span> <span class='ocrx_word' id='word_1_754' title='bbox 3043 4019 3137 4073; x_wconf 76' lang='lat' dir='ltr'><strong>de-</strong></span> 
     </span>
     <span class='ocr_line' id='line_1_110' title="bbox 1828 4094 3145 4167; baseline 0.002 -18"><span class='ocrx_word' id='word_1_755' title='bbox 1828 4094 2056 4153; x_wconf 81' lang='lat' dir='ltr'><strong>fendunt</strong></span> <span class='ocrx_word' id='word_1_756' title='bbox 2074 4136 2087 4159; x_wconf 92' lang='lat'>‚</span> <span class='ocrx_word' id='word_1_757' title='bbox 2130 4105 2305 4151; x_wconf 85' lang='lat' dir='ltr'><strong>tamen</strong></span> <span class='ocrx_word' id='word_1_758' title='bbox 2336 4094 2395 4150; x_wconf 90' lang='lat' dir='ltr'><strong>in</strong></span> <span class='ocrx_word' id='word_1_759' title='bbox 2420 4096 2649 4167; x_wconf 86' lang='lat' dir='ltr'><strong>singulis</strong></span> <span class='ocrx_word' id='word_1_760' title='bbox 2672 4098 2845 4153; x_wconf 89' lang='lat' dir='ltr'><strong>titulis</strong></span> <span class='ocrx_word' id='word_1_761' title='bbox 2874 4098 2939 4153; x_wconf 87' lang='lat' dir='ltr'><strong>de</strong></span> <span class='ocrx_word' id='word_1_762' title='bbox 2977 4096 3145 4151; x_wconf 83' lang='lat' dir='ltr'><strong>rebus</strong></span> 
     </span>
     <span class='ocr_line' id='line_1_111' title="bbox 1828 4172 3141 4248; baseline -0.001 -20"><span class='ocrx_word' id='word_1_763' title='bbox 1828 4172 1899 4229; x_wconf 84' lang='lat' dir='ltr'><strong>ad</strong></span> <span class='ocrx_word' id='word_1_764' title='bbox 1937 4172 2160 4229; x_wconf 87' lang='lat' dir='ltr'><strong>titulum</strong></span> <span class='ocrx_word' id='word_1_765' title='bbox 2200 4173 2591 4244; x_wconf 80' lang='lat' dir='ltr'><strong>pertinentibus</strong></span> <span class='ocrx_word' id='word_1_766' title='bbox 2616 4174 2691 4248; x_wconf 73' lang='lat' dir='ltr'><strong>(t)</strong></span> <span class='ocrx_word' id='word_1_767' title='bbox 2721 4176 2879 4231; x_wconf 78' lang='lat' dir='ltr'><strong>hunc</strong></span> <span class='ocrx_word' id='word_1_768' title='bbox 2918 4174 3141 4229; x_wconf 87' lang='lat' dir='ltr'><strong>nullum</strong></span> 
     </span>
     <span class='ocr_line' id='line_1_112' title="bbox 1826 4252 3145 4321; baseline -0.001 -15"><span class='ocrx_word' id='word_1_769' title='bbox 1826 4266 1951 4315; x_wconf 64' lang='lat' dir='ltr'><strong>osse,</strong></span> <span class='ocrx_word' id='word_1_770' title='bbox 1974 4252 2064 4307; x_wconf 89' lang='lat' dir='ltr'><strong>sed</strong></span> <span class='ocrx_word' id='word_1_771' title='bbox 2078 4266 2347 4307; x_wconf 86' lang='lat' dir='ltr'><strong>summam</strong></span> <span class='ocrx_word' id='word_1_772' title='bbox 2372 4268 2553 4309; x_wconf 87' lang='lat' dir='ltr'><strong>rerum</strong></span> <span class='ocrx_word' id='word_1_773' title='bbox 2568 4254 2951 4314; x_wconf 79' lang='lat' dir='ltr'><strong>confusionem,</strong></span> <span class='ocrx_word' id='word_1_774' title='bbox 2975 4266 3145 4321; x_wconf 86' lang='lat' dir='ltr'><strong>agno-</strong></span> 
     </span>
    </p>
   </div>
   <div class='ocr_carea' id='block_1_9' title="bbox 1826 4388 3143 4719">
    <p class='ocr_par' dir='ltr' id='par_1_12' title="bbox 1826 4388 3143 4719">
     <span class='ocr_line' id='line_1_113' title="bbox 1828 4388 3141 4457; baseline 0.002 -22"><span class='ocrx_word' id='word_1_775' title='bbox 1828 4388 1917 4439; x_wconf 83' lang='lat' dir='ltr'><strong>sed</strong></span> <span class='ocrx_word' id='word_1_776' title='bbox 1948 4390 2042 4439; x_wconf 85' lang='lat' dir='ltr'><strong>sub</strong></span> <span class='ocrx_word' id='word_1_777' title='bbox 2073 4389 2295 4454; x_wconf 84' lang='lat' dir='ltr'><strong>singulis</strong></span> <span class='ocrx_word' id='word_1_778' title='bbox 2321 4389 2493 4441; x_wconf 83' lang='lat' dir='ltr'><strong>titulis</strong></span> <span class='ocrx_word' id='word_1_779' title='bbox 2526 4390 2853 4457; x_wconf 78' lang='lat' dir='ltr'><strong>rhapsodiam</strong></span> <span class='ocrx_word' id='word_1_780' title='bbox 2880 4388 3141 4453; x_wconf 76' lang='lat' dir='ltr'><strong>quandam</strong></span> 
     </span>
     <span class='ocr_line' id='line_1_114' title="bbox 1830 4450 3139 4525; baseline -0.001 -24"><span class='ocrx_word' id='word_1_781' title='bbox 1830 4468 1939 4504; x_wconf 74' lang='lat' dir='ltr'><strong>csse</strong></span> <span class='ocrx_word' id='word_1_782' title='bbox 1970 4462 2082 4505; x_wconf 71' lang='lat' dir='ltr'><strong>urle</strong></span> <span class='ocrx_word' id='word_1_783' title='bbox 2105 4464 2389 4504; x_wconf 77' lang='lat' dir='ltr'><strong>can-cutem.</strong></span> <span class='ocrx_word' id='word_1_784' title='bbox 2417 4450 2483 4503; x_wconf 77' lang='lat' dir='ltr'><strong>El.</strong></span> <span class='ocrx_word' id='word_1_785' title='bbox 2510 4460 2566 4505; x_wconf 79' lang='lat' dir='ltr'><strong>in</strong></span> <span class='ocrx_word' id='word_1_786' title='bbox 2589 4460 2769 4525; x_wconf 42' lang='lat' dir='ltr'><strong>Effusa.</strong></span> <span class='ocrx_word' id='word_1_787' title='bbox 2793 4456 2857 4506; x_wconf 77' lang='lat' dir='ltr'><strong>de</strong></span> <span class='ocrx_word' id='word_1_788' title='bbox 2878 4454 2999 4505; x_wconf 70' lang='lat' dir='ltr'><strong>flat.</strong></span> <span class='ocrx_word' id='word_1_789' title='bbox 3022 4456 3139 4502; x_wconf 81' lang='lat' dir='ltr'><strong>doc.</strong></span> 
     </span>
     <span class='ocr_line' id='line_1_115' title="bbox 1832 4518 3143 4583; baseline -0.005 -10"><span class='ocrx_word' id='word_1_790' title='bbox 1832 4518 1934 4583; x_wconf 65' lang='lat'><strong>1⁶¹1?-</strong></span> <span class='ocrx_word' id='word_1_791' title='bbox 1973 4524 2211 4573; x_wconf 78' lang='lat' dir='ltr'><strong>Tametsi</strong></span> <span class='ocrx_word' id='word_1_792' title='bbox 2244 4521 2312 4571; x_wconf 81' lang='lat' dir='ltr'><strong>de</strong></span> <span class='ocrx_word' id='word_1_793' title='bbox 2345 4522 2629 4571; x_wconf 73' lang='lat' dir='ltr'><strong>titulorum</strong></span> <span class='ocrx_word' id='word_1_794' title='bbox 2654 4523 3034 4582; x_wconf 76' lang='lat' dir='ltr'><strong>collocatione,</strong></span> <span class='ocrx_word' id='word_1_795' title='bbox 3056 4518 3143 4567; x_wconf 83' lang='lat' dir='ltr'><strong>in-</strong></span> 
     </span>
     <span class='ocr_line' id='line_1_116' title="bbox 1828 4583 3141 4657; baseline 0.002 -27"><span class='ocrx_word' id='word_1_796' title='bbox 1828 4583 1970 4647; x_wconf 75' lang='lat' dir='ltr'><strong>quit,</strong></span> <span class='ocrx_word' id='word_1_797' title='bbox 1993 4588 2249 4636; x_wconf 77' lang='lat' dir='ltr'><strong>neminem</strong></span> <span class='ocrx_word' id='word_1_798' title='bbox 2264 4587 2395 4657; x_wconf 75' lang='lat' dir='ltr'><strong>jur-e</strong></span> <span class='ocrx_word' id='word_1_799' title='bbox 2421 4598 2673 4655; x_wconf 73' lang='lat' dir='ltr'><strong>conquert</strong></span> <span class='ocrx_word' id='word_1_800' title='bbox 2694 4604 2845 4653; x_wconf 80' lang='lat' dir='ltr'><strong>posse</strong></span> <span class='ocrx_word' id='word_1_801' title='bbox 2870 4587 3141 4637; x_wconf 69' lang='lat' dir='ltr'><strong>arbitror.-</strong></span> 
     </span>
     <span class='ocr_line' id='line_1_117' title="bbox 1826 4652 3141 4719; baseline 0.002 -22"><span class='ocrx_word' id='word_1_802' title='bbox 1826 4660 2001 4700; x_wconf 79' lang='lat' dir='ltr'><strong>tamen</strong></span> <span class='ocrx_word' id='word_1_803' title='bbox 2038 4668 2121 4701; x_wconf 75' lang='lat' dir='ltr'><strong>res</strong></span> <span class='ocrx_word' id='word_1_804' title='bbox 2172 4653 2291 4715; x_wconf 76' lang='lat' dir='ltr'><strong>ipsa</strong></span> <span class='ocrx_word' id='word_1_805' title='bbox 2336 4652 2615 4719; x_wconf 74' lang='lat' dir='ltr'><strong>loquitur,</strong></span> <span class='ocrx_word' id='word_1_806' title='bbox 2650 4653 3047 4703; x_wconf 55' lang='lat' dir='ltr'><strong>Tmooraamem</strong></span> <span class='ocrx_word' id='word_1_807' title='bbox 3081 4655 3141 4700; x_wconf 71' lang='lat' dir='ltr'><strong>in</strong></span> 
     </span>
    </p>
   </div>
  </div>
 </body>
</html>
