3327 5214
527 207 600 263 83

527 307 684 376 Quod
723 306 766 362 si
809 307 882 362 ita
921 313 1024 369 est,
1063 303 1206 377 nibil
1258 302 1500 374 profecto·
1536 309 1721 358 contra
1774 301 1849 356 fa-

525 390 660 449 ciet,
698 385 798 456 qui
836 383 1106 455 captivum
1145 383 1216 438 ab
1255 380 1412 438 initio
1444 390 1660 435 servum
1690 379 1853 434 babe-

525 484 584 522 re
623 463 871 520 noluerit.
908 461 1054 529 Quid
1093 459 1239 516 enim
1279 459 1498 514 interest
1537 457 1606 512 ad
1650 457 1849 512 benefi-

524 545 672 599 cium
711 540 1001 605 libertatis,
1039 547 1222 610 utrum
1259 535 1530 608 captivum
1569 544 1745 607 postea
1784 532 1850 590 li-

523 623 716 677 berum
757 619 952 685 facias,
1004 635 1075 674 an
1131 617 1202 673 ab
1256 614 1413 672 initio
1467 613 1703 670 liberum
1741 627 1849 668 esse

523 699 694 755 ielis?

601 778 699 834 vl.
735 779 839 835 Sed
879 777 1186 839 videamus,
1224 789 1294 828 ne
1330 770 1478 843 quod
1503 769 1707 826 dieitur
1728 811 1742 832 ,
1760 769 1846 841 ju-

522 873 584 912 ra
601 857 874 914 naturalia
899 871 1006 911 oese
1029 849 1410 914 immutabilia,
1433 849 1490 904 in
1520 848 1849 920 quibusdam

521 935 720 991 salsum
760 936 861 999 sit,
884 946 1238 1005 quaecumque
1277 927 1553 1005 naturalia·
1587 926 1678 982 bic
1715 924 1851 982 acei-

521 1013 734 1084 pimus‚
773 1013 883 1070 sive
921 1009 1206 1082 posteriora
1246 1008 1390 1068 haec,
1427 1005 1536 1061 sive
1575 1004 1671 1059 illa
1710 1003 1851 1075 prio-

523 1108 618 1155 ra,
658 1108 783 1164 quae
817 1089 956 1164 juris
996 1085 1258 1144 naturalis
1295 1099 1434 1151 esse,
1482 1083 1626 1138 inter
1661 1097 1851 1138 omnes

521 1170 788 1226 convenit.
828 1171 908 1225 Ac
947 1167 1185 1239 primum
1226 1179 1296 1220 an
1337 1177 1446 1218 non
1489 1160 1544 1216 in
1585 1159 1855 1232 cognatio-

519 1261 623 1310 ne,
659 1265 752 1304 seu
786 1249 910 1318 jure
946 1241 1279 1315 cognationis
1317 1240 1511 1296 falsum
1547 1237 1847 1310 reperitur?

519 1326 658 1382 Jura
698 1323 1030 1396 cognationis
1067 1319 1261 1394 perimi
1284 1320 1404 1391 jure
1427 1317 1574 1374 civili
1601 1323 1720 1372 tum
1744 1331 1850 1372 ser-

520 1404 692 1460 vitute
731 1402 977 1474 cognati,
1015 1411 1132 1456 tum
1171 1397 1538 1469 deportatione
1585 1394 1851 1451 traditum

521 1491 602 1537 est
641 1482 697 1537 in
726 1483 784 1554 S.
813 1481 1020 1552 penult.
1045 1478 1174 1534 Ince.
1196 1479 1259 1534 de
1285 1491 1399 1545 cap.
1422 1476 1616 1530 densim
1641 1475 1715 1529 At
1737 1471 1852 1528 bec

519 1559 636 1630 ipsa
672 1561 796 1632 jura
836 1559 1095 1614 dicuntur
1119 1555 1400 1611 naturalia
1425 1553 1484 1608 in
1519 1551 1697 1608 Titulo
1716 1565 1855 1620 ρω-

523 1639 748 1694 cedente.
787 1638 846 1710 S.
883 1636 981 1692 ult.
1019 1633 1149 1691 lust.
1173 1636 1236 1690 de
1262 1635 1406 1702 leqit.
1431 1637 1616 1700 aquai.
1641 1635 1737 1684 tut.
1760 1627 1847 1683 lbi

515 1716 666 1771 enim
687 1716 808 1772 ideo
825 1722 1090 1785 negantur
1102 1713 1226 1785 jura
1241 1707 1576 1780 cognationis
1601 1706 1719 1764 tolli
1746 1705 1848 1762 mi-

517 1794 670 1850 nima
712 1793 902 1866 capitis
941 1789 1341 1852 deminutione,
1381 1797 1442 1843 ut
1460 1787 1585 1856 jura
1609 1785 1849 1856 agnatio-

517 1872 636 1936 nis,
674 1872 806 1943 quia
847 1869 1021 1926 civilis
1057 1869 1198 1926 ratio
1247 1883 1356 1922 non
1413 1863 1637 1937 perinde
1688 1862 1849 1934 possit

513 1948 640 2020 jura
681 1949 952 2006 naturalia
977 1963 1333 2018 corrumpere.
1356 1943 1512 2012 Quod
1537 1943 1582 1999 si
1608 1940 1845 2013 apertius

519 2027 658 2096 quid
701 2030 980 2090 volumus,
1017 2026 1163 2097 quod
1215 2024 1552 2080 adversetur:
1593 2021 1705 2092 ipsa
1758 2035 1845 2078 eo-

519 2107 708 2172 tsnatio
725 2147 739 2170 ,
767 2114 825 2162 ut
848 2105 992 2177 quod
1009 2104 1134 2174 quis
1159 2111 1307 2174 pater
1329 2111 1407 2157 cst
1424 2141 1438 2164 ,
1461 2109 1658 2161 mater,
1684 2097 1847 2162 filius,

515 2183 716 2250 frater,
754 2187 871 2240 sine
909 2183 1078 2238 dubio
1115 2179 1380 2237 naturalis
1403 2188 1510 2242 est,
1537 2187 1715 2250 utpote
1741 2193 1837 2232 na-

511 2279 663 2318 scens
701 2279 766 2318 ex
807 2262 902 2318 illa
957 2258 1336 2331 conjunctione
1375 2257 1539 2312 maris
1575 2264 1628 2313 et
1661 2255 1839 2312 1·ωωί-

513 2356 628 2405 rae,
665 2357 834 2413 quam
869 2339 1008 2412 juris
1047 2337 1314 2394 naturalis
1337 2351 1445 2391 csse
1465 2376 1478 2397 ,
1503 2351 1666 2390 nemo
1692 2334 1839 2404 igno-

513 2428 615 2476 rat.
657 2419 742 2474 L.·
775 2419 823 2474 1.
861 2420 920 2492 s.
949 2433 1076 2487 pen.
1118 2416 1184 2472 D.
1221 2417 1284 2472 de
1315 2419 1449 2483 just.
1485 2421 1536 2469 et
1559 2417 1679 2484 jur.
1704 2411 1835 2468 uaec

513 2505 694 2552 tamen
738 2497 850 2568 ipsa
889 2494 1171 2559 servitute,
1208 2503 1260 2549 et
1298 2491 1665 2563 deportatione
1701 2489 1834 2546 solvi

515 2595 542 2649 ι,
559 2575 779 2631 icuntur
817 2573 874 2631 in
913 2575 967 2630 d.
1005 2575 1063 2647 S.
1092 2588 1216 2643 pen.
1255 2569 1383 2627 Inat.
1419 2571 1482 2628 de
1505 2585 1622 2641 cap.
1645 2570 1839 2627 demin.

511 2653 618 2709 fed
661 2652 807 2709 nihil
846 2653 904 2711 in
947 2652 1032 2709 bis
1069 2650 1420 2707 eontrarium.
1459 2648 1634 2713 Nam,
1678 2656 1736 2705 ut
1771 2648 1839 2703 de

509 2730 828 2801 cognatione
881 2731 1029 2803 prius
1067 2730 1278 2791 dicam,
1316 2744 1426 2784 esse
1462 2744 1581 2783 eam
1619 2736 1841 2784 natura-

510 2808 582 2865 lis
617 2808 786 2882 juris,
826 2820 886 2867 ut
922 2811 968 2866 si
1006 2808 1140 2881 quid
1181 2805 1365 2870 aliud,
1391 2806 1628 2862 maxime
1651 2822 1840 2861 verum

507 2896 622 2952 (εἰ,
665 2896 724 2943 ut
761 2904 932 2960 quam
969 2888 1258 2943 constituat
1296 2890 1492 2940 natura
1533 2884 1676 2940 inter
1725 2898 1845 2947 eos,

509 2984 546 3036 q
561 2983 652 3023 uos
693 2969 910 3038 sanguis
947 2966 1110 3022 etiam
1151 2964 1393 3019 nolentes
1415 2962 1715 3034 conjunxit.
1739 2962 1842 3017 Sed

515 3054 576 3101 et
617 3045 734 3101 haec
773 3047 928 3101 nullo
959 3046 1082 3116 jure
1119 3041 1266 3098 civili
1307 3040 1604 3101 amittitur,
1643 3056 1714 3095 ne
1737 3056 1845 3096 ser-

507 3123 683 3180 vitute
731 3124 971 3195 quidem.
1010 3124 1152 3179 Nam
1191 3130 1244 3177 et
1280 3120 1443 3175 inter.
1469 3135 1646 3178 servos
1693 3134 1846 3190 supe-

509 3202 678 3258 riores
716 3202 1058 3273 cognationes
1081 3200 1403 3261 consistunt,
1428 3213 1527 3254 nec
1551 3200 1735 3254 minus
1758 3214 1843 3254 eo-

507 3281 892 3351 njunctionem
935 3280 993 3335 in
1034 3280 1144 3345 his,
1181 3293 1350 3350 quam
1377 3276 1436 3333 in
1465 3275 1650 3333 liberis
1676 3277 1843 3348 impe-

509 3358 694 3414 diunt.
734 3359 791 3429 S.
827 3360 1000 3421 illud,
1039 3358 1166 3414 Inst.
1189 3359 1252 3413 de
1277 3364 1425 3428 nupt.
1452 3355 1513 3411 L.
1537 3356 1841 3425 adoptivm,

514 3440 576 3505 ξς.
624 3438 674 3492 1.
715 3436 783 3491 D.
821 3439 883 3493 de
922 3440 1011 3492 rit.
1049 3444 1195 3507 nupt.
1245 3436 1314 3491 Et
1353 3434 1500 3506 quod
1540 3432 1742 3489 dieitur
1781 3434 1837 3491 in

503 3517 560 3568 ἀ.
606 3516 663 3586 S.
695 3530 819 3583 pen.
859 3514 986 3571 Inst.
1022 3514 1084 3570 de
1123 3530 1237 3585 cap.
1271 3516 1464 3570 demin.
1487 3512 1620 3569 solvi
1643 3528 1837 3587 cogna-

507 3594 716 3648 tionem
755 3592 1120 3663 deportatione
1139 3633 1152 3651 .
1187 3596 1548 3661 minationem
1597 3590 1837 3661 accipere

506 3672 765 3727 debemus
785 3671 907 3742 jura
923 3671 1272 3741 cognationis,
1303 3678 1360 3724 ut
1385 3670 1532 3724 loeus
1548 3669 1659 3739 ipse
1686 3669 1835 3739 prius
1862 3701 1871 3709 ·

497 3750 920 3820 interpretatur,
957 3750 1105 3821 quod
1157 3748 1443 3803 Accursius
1492 3756 1630 3803 recte
1680 3747 1831 3804 vidit.

491 3830 660 3893 Quod
702 3829 771 3883 ad
803 3828 928 3898 jura
969 3826 1302 3899 cognationis
1352 3825 1567 3887 attinet,
1605 3836 1834 3897 pereunt

503 3907 602 3962 illa
643 3906 896 3979 quidem,
935 3915 1326 3976 mutanturque
1347 3903 1711 3975 superioribus
1744 3922 1829 3961 ca-

502 3985 631 4056 pitis
645 3985 1056 4043 minutionibus:
1081 3985 1172 4041 sed
1191 3984 1303 4039 haec
1324 3985 1448 4055 jura
1477 3983 1657 4039 civilia
1684 3992 1829 4049 sunt,

505 4081 621 4120 non
661 4065 966 4129 naturalia,
1007 4072 1095 4127 ut,
1134 4063 1220 4119 bis
1259 4062 1507 4125 mutatiS,
1545 4077 1654 4117 non
1710 4062 1829 4119 ideo

503 4142 615 4199 dici
643 4144 818 4215 possit,
831 4145 954 4218 jura
970 4142 1240 4199 naturalia
1267 4141 1484 4197 mutari.
1503 4142 1642 4197 Sunt
1680 4142 1829 4198 enim

507 4220 622 4276 baec
656 4223 778 4294 jura
807 4222 1276 4294 percipiendarum
1305 4219 1534 4275 invicem
1563 4219 1828 4277 heredita-

501 4308 649 4363 tum,
687 4310 738 4355 et
778 4302 1099 4363 tutelarum,
1136 4316 1258 4372 quae
1297 4298 1613 4356 tribuuntur
1651 4300 1827 4355 edicto

499 4379 773 4449 praetoris,
813 4390 872 4437 ut
911 4389 964 4437 et
1003 4380 1104 4435 boc
1128 4387 1268 4434 recte
1294 4376 1498 4447 aceepit
1538 4378 1827 4433 Accursius

1339 197 1662 256 HUGONIS
1704 197 2019 255 DONELLI
2058 193 2430 256 mmmm:

3126 195 3191 258 εἰ

1926 315 2059 364 rem,
2096 299 2186 356 cui
2224 297 2555 355 tribuantur.
2594 295 2931 356 Tribuuntur
2962 301 3093 358 enim
3120 319 3193 360 oo-

1926 379 2189 449 guationi‚
2224 393 2345 448 quoe
2380 387 2607 442 natura,
2631 393 2741 435 non
2780 378 2897 450 jure
2932 379 3066 437 civili
3086 397 3193 438 eua-

1925 456 2103 527 tingit.
2144 455 2429 512 Naturalia
2468 455 2665 526 igitur,
2702 457 2831 528 quia
2868 456 2923 512 in
2968 473 3023 514 re
3062 467 3194 516 natu·

1926 533 2030 591 rali
2069 533 2395 598 consistunt,
2432 543 2485 590 et
2522 536 2595 591 ab
2632 534 2733 593 hac
2756 549 2984 592 caussam
3007 535 3193 598 babent.

1924 629 2033 669 non
2074 613 2204 683 quia
2242 621 2371 669 sunt
2406 629 2473 668 ex
2508 611 2629 683 jure
2666 613 2915 669 naturali.

2000 691 2119 746 vn.
2152 691 2265 746 'Sed
2304 691 2349 746 si
2390 691 2501 747 haee
2539 690 2719 748 civilia
2754 701 2908 755 sunt,
2942 707 3041 748 non
3064 703 3196 748 natu·

1922 770 2090 833 ralia,
2126 768 2261 840 quid
2301 777 2408 832 est,
2444 769 2595 840 quod
2636 769 2837 826 dicitur
2862 771 2917 827 in
2940 773 3105 842 regula
3125 771 3195 843 ju-
3244 790 3249 799 ·

1926 847 2031 913 riS,
2064 848 2186 920 jura
2224 847 2505 918 sanguinis
2540 848 2695 904 nullo
2727 849 2849 919 iure
2880 848 3017 905 civili
3035 847 3195 906 dirimi

1926 927 2109 999 posse?
2148 927 2210 982 L.
2236 931 2407 998 jura,
2444 926 2513 982 D.
2560 927 2624 983 de
2676 931 2931 1000 roffijur.
2976 927 3129 990 Nam,
3156 927 3203 984 si

1925 1004 2107 1062 civilia
2145 1011 2301 1066 sunt,
2338 1014 2561 1076 possunt
2597 1013 2651 1062 et
2682 1007 2803 1078 jure
2838 1004 3042 1069 dirimi,
3062 1013 3199 1076 atque

1926 1085 2059 1139 adeo
2080 1084 2202 1154 jure
2240 1082 2592 1139 dirimuntur.
2616 1083 2671 1139 ἀ.
2694 1084 2754 1158 s.
2776 1085 2873 1140 ult.
2894 1083 3017 1140 Ina.
3034 1085 3092 1139 do
3112 1084 3200 1152 lay.

1930 1177 2021 1231 aq.
2056 1169 2151 1217 tut.
2186 1163 2241 1217 d.
2280 1161 2339 1234 S.
2377 1163 2475 1218 ult.
2510 1163 2585 1218 do·
2610 1177 2727 1232 cap.
2760 1164 2953 1218 denda.
2984 1161 3087 1218 Nee
3115 1171 3203 1225 ent,

1924 1239 2071 1311 quod
2086 1242 2225 1310 jum
2238 1243 2574 1308 ‚counanimis
2598 1240 3005 1318 interpretemur
3036 1255 3204 1310 cogna—

1924 1319 2145 1375 tionem.
2183 1317 2333 1372 Ferri
2372 1317 2471 1374 boc
2520 1327 2717 1390 posset,
2754 1318 2800 1374 si
2838 1317 3035 1374 dictum
3066 1327 3205 1378 emet.

1916 1399 2015 1468 jur
2051 1399 2410 1466 coqnau'onis,
2446 1411 2512 1452 ex
2554 1397 2617 1452 L.
2652 1397 2750 1454 ult.
2801 1398 2869 1453 D.
2912 1397 2975 1452 de
3013 1400 3134 1468 jud.
3162 1405 3203 1451 et

1916 1478 2033 1546 jur.
2073 1473 2143 1530 At
2166 1475 2289 1546 jura
2312 1489 2423 1530 non
2451 1474 2555 1530 nisi
2594 1476 2661 1531 de
2701 1475 2949 1546 pluribus
2972 1475 3117 1530 rebus
3133 1489 3205 1528 ac·

1927 1551 2035 1623 cipi
2074 1561 2325 1623 possunt,
2361 1563 2483 1626 quoe
2523 1554 2623 1609 uni
2656 1553 2965 1624 cognationi
3000 1553 3109 1626 jure
3128 1553 3209 1608 tri-

1926 1632 2199 1688 buantur:
2240 1638 2301 1687 ut
2338 1647 2545 1694 necem
2582 1632 2654 1688 sit
2690 1632 2847 1692 aliud
2872 1648 2932 1688 ea
2952 1633 3205 1705 jamque

1924 1711 2082 1782 plura
2122 1717 2283 1774 sunt3'
2326 1709 2477 1766 aliud
2526 1711 2933 1781 cognationem,
2968 1725 3083 1781 quae
3114 1723 3206 1764 una

1924 1799 2003 1844 est
2016 1829 2031 1852 ,
2056 1787 2305 1858 intelligi.
2320 1789 2461 1844 Vere
2484 1787 2819 1860 Pomponius
2840 1791 2941 1845 boe
2964 1787 3095 1844 dixit
3114 1803 3207 1842 non

1926 1875 2141 1923 tantum
2178 1865 2246 1920 de
2280 1865 2573 1937 sanguine,
2610 1867 2701 1923 sed
2726 1869 2893 1930 etiam
2917 1868 2983 1923 de
3006 1867 3085 1928 iis.
3108 1879 3209 1936 qun

1920 1940 2045 2002 s'unt
2080 1945 2203 2017 jura
2242 1944 2519 2016 sanguinis
2538 1953 2603 2001 et·
2614 1945 2966 2016 cognationis.
2992 1945 3089 2002 Sed
3106 1942 3210 2014 iun

1920 2024 2200 2096 sanguinis
2226 2023 2440 2096 proprie
2455 2023 2571 2080 illic
2587 2024 2755 2096 accipi
2782 2033 3128 2097 oportet,quae
3140 2037 3209 2076 ve-

1922 2119 1981 2159 re
2008 2118 2117 2158 una
2142 2119 2269 2158 cum
2295 2103 2557 2173 sanguine
2568 2105 2680 2175 jam
2694 2104 2767 2159 ab
2786 2103 2943 2160 initio
2966 2100 3113 2158 nobis
3130 2115 3209 2156 na·

1912 2187 2163 2244 seuntur,
2184 2197 2316 2254 qure
2330 2180 2731 2237 constituuntur
2754 2193 2955 2240 natura
2980 2179 3112 2238 inter
3130 2177 3215 2234 ali·

1915 2275 2051 2332 quos
2076 2259 2215 2320 ideo,
2236 2261 2384 2331 quod
2412 2259 2675 2330 sanguine
2697 2261 2877 2330 juncti
2902 2267 3041 2322 sunt,
3070 2258 3209 2313 etiam

1916 2338 1961 2395 si
2002 2338 2122 2394 alia:
2161 2354 2347 2394 omnes
2373 2339 2513 2409 leges
2536 2339 2721 2394 civiles
2744 2339 2951 2404 desintz
2974 2338 3215 2410 cujusmo-

1910 2416 1967 2472 di
2008 2425 2168 2480 sunt,
2206 2427 2493 2488 parentum
2534 2431 2717 2481 amor,
2754 2425 2813 2473 et
2854 2433 2983 2474 eura
3022 2430 3137 2486 erga
3158 2413 3216 2468 li-

1912 2496 2063 2551 beros
2078 2535 2093 2558 ,
2130 2495 2425 2551 liberorum
2464 2495 2639 2551 bonor
2653 2535 2666 2558 ,
2690 2505 2745 2551 et
2768 2494 3087 2567 obsequium
3108 2505 3214 2562 erga

1914 2583 2186 2645 parenteS,
2222 2573 2470 2630 honestas
2508 2575 2565 2630 in
2606 2573 3081 2647 conjunctionibus
3112 2585 3210 2627 eor-

3302 2599 3306 2621 ...-
3300 2519 3306 2550 -..
3300 2439 3307 2476 .-
3302 2361 3307 2390 .-

1914 2668 2106 2724 porum
2125 2692 2141 2717 ‚
2178 2652 2507 2710 necessitudo
2543 2662 2597 2709 et
2632 2652 2832 2710 caritas
2868 2651 3063 2709 arctior
3095 2649 3219 2705 inter
3302 2680 3306 2715 ς

1914 2740 2179 2801 cognatos.
2220 2730 2350 2786 Haec
2385 2732 2509 2804 jura
2527 2772 2542 2793 ,
2578 2746 2642 2787 ae
2666 2747 2779 2787 non
2806 2738 3024 2787 tantum
3048 2744 3217 2798 cogna-

1919 2809 2119 2865 tionem
2136 2850 2149 2874 ,
2168 2810 2319 2865 nullo
2340 2810 2462 2880 jure
2474 2809 2624 2866 civili
2638 2809 2832 2867 dirimi
2848 2849 2865 2872 ,
2877 2820 3017 2866 recte
3028 2806 3222 2867 dixeris,

1918 2902 2039 2959 quae
2076 2896 2130 2944 et
2166 2888 2364 2945 servari
2395 2886 2453 2942 in
2478 2888 2762 2945 servilibus
2802 2884 3219 2959 cognationibus,

1920 2982 2043 3022 cum
2072 2966 2139 3021 de
2163 2967 2367 3039 nuptiis
2391 2980 2664 3021 servorum
2692 2967 2840 3023 inter
2864 2966 3005 3038 ipsos
3042 2963 3216 3035 agitur,
3303 3020 3305 3023 ,

1921 3046 2177 3101 traditum
2218 3054 2295 3101 est
2333 3044 2391 3101 in
2440 3046 2493 3102 d.
2532 3046 2592 3117 S.
2628 3046 2772 3101 illud
2826 3044 2959 3101 inat.
2992 3046 3057 3099 de
3090 3046 3220 3112 ηιμ.
3302 3072 3306 3101 ι

1918 3123 2076 3191 Quod
2090 3124 2133 3179 si
2149 3123 2367 3180 honesta
2398 3122 2493 3179 illa
2519 3123 2787 3179 naturalis
2798 3124 2859 3180 in
2876 3122 3080 3193 nuptiis
3100 3121 3221 3175 inter

1917 3213 2167 3273 cognatos
2190 3202 2452 3272 sanguine
2474 3210 2743 3257 eontracta
2770 3218 2875 3257 nec
2898 3200 3155 3260 servitute.
3172 3204 3217 3251 et

1913 3280 2037 3353 jure
2062 3280 2210 3336 civili
2237 3280 2478 3337 tollitur:
2502 3288 2709 3352 quanto
2734 3279 2926 3336 minus
2976 3276 3111 3335 effici
3145 3291 3221 3347 po-

1922 3368 2019 3415 test
2072 3360 2194 3431 jure
2211 3399 2225 3423 ,
2278 3366 2338 3413 ut
2380 3367 2624 3429 parentes
2672 3358 2807 3415 filiis
2856 3372 3045 3414 curam
3064 3398 3078 3422 ,
3130 3354 3218 3409 tilii

1919 3438 2233 3509 parentibus
2270 3436 2529 3493 bonorem
2568 3447 2623 3493 et
2658 3436 2985 3509 obsequium
3010 3450 3115 3491 non
3138 3432 3215 3487 de·
3304 3458 3306 3461 ⁴

1912 3516 2117 3572 beant?
2154 3514 2478 3571 Retinentur
2532 3515 2645 3572 baec
2692 3532 2805 3574 non
2860 3515 3046 3571 minus
3088 3520 3138 3568 et
3168 3511 3221 3567 iu

1912 3593 2283 3655 naturalibus,
2340 3594 2733 3665 servilibusque
2780 3591 3186 3664 cognationibus
3207 3629 3220 3653 ,

1912 3673 1974 3728 L.
2010 3680 2285 3739 parentes,
2327 3672 2395 3728 D.
2430 3675 2497 3729 de
2533 3676 2595 3727 in
2621 3677 2719 3744 jus
2754 3689 2871 3728 voe.
2910 3672 3110 3743 quippe
3134 3669 3227 3724 im-

1910 3752 2077 3821 posita
2118 3752 2232 3821 lege
2258 3758 2465 3808 naturae
2482 3792 2496 3817 ‚
2521 3767 2643 3823 quae
2668 3768 2699 3807 a
2727 3750 2891 3807 nullo
2920 3748 3115 3807 mutari
3140 3764 3223 3818 po-

1906 3838 2033 3892 test,
2072 3846 2181 3885 non
2224 3828 2419 3900 magis,
2454 3846 2623 3901 quam
2673 3838 2877 3886 natura
2927 3829 3070 3903 ipsa,
3112 3840 3225 3897 quat

1908 3906 2051 3964 hanc
2089 3909 2263 3981 legem
2303 3906 2509 3980 posuit,
2548 3908 2605 3964 id
2647 3916 2725 3965 est
2777 3906 2947 3965 Deus,
2999 3909 3072 3963 At
3111 3906 3225 3978 jura

1906 3987 2263 4057 cognationis,
2300 4002 2425 4058 quae
2444 3988 2826 4044 ”nominantur
2866 3987 2926 4042 in
2968 3989 3021 4042 d.
3058 3986 3115 4053 S.
3138 3982 3226 4036 *tlt-

1906 4068 1971 4124 de
2010 4068 2115 4136 leo.
2154 4082 2241 4137 aq.
2281 4072 2375 4121 tut.
2412 4076 2466 4121 et
2490 4066 2549 4139 s.
2565 4068 2772 4136 penult.
2796 4066 2865 4122 de
2892 4083 3012 4137 cap.
3048 4064 3228 4119 demin.
3302 4078 3306 4083 ⁴

1908 4160 1973 4201 ex
2013 4144 2159 4211 loeo,
2196 4152 2253 4201 et
2292 4144 2518 4201 materia
2558 4144 2674 4202 illie
2700 4143 2978 4216 proposita
3004 4140 3227 4211 accipere

1905 4225 2191 4287 debemus,
2242 4238 2353 4279 non
2404 4224 2637 4295 quaevis,
2676 4224 2769 4281 sed
2808 4238 2909 4297 ea,
2948 4238 3075 4296 quat
3114 4217 3231 4289 iure

1903 4303 2049 4359 civili
2090 4302 2439 4367 deseruntur,
2478 4302 2669 4374 qualia
2718 4310 2849 4358 sunt
2898 4302 3104 4359 scilieet
3138 4312 3229 4357 ea.

1902 4396 2023 4451 quae
2062 4380 2383 4436 deferuntur
2421 4380 2655 4453 agnam,
2696 4382 2857 4456 (nam
2886 4380 3091 4435 horum
3110 4376 3227 4447 jura

501 4455 563 4511 in
601 4458 654 4512 d.
679 4458 738 4528 S.
754 4474 880 4527 pen.
905 4474 970 4513 ex
999 4460 1058 4530 3.
1083 4458 1428 4519 admonendi,
1456 4456 1582 4512 lust.
1604 4458 1668 4512 de
1709 4457 1819 4513 her.
1898 4460 2013 4516 illic
2068 4468 2477 4530 comparantur,
2530 4468 2859 4530 tantumque
2912 4460 2984 4515 de
3038 4458 3228 4513 borum

503 4552 621 4604 quoe
660 4536 726 4591 ab
765 4540 861 4592 int.
899 4538 1000 4611 def.
1043 4537 1074 4591 J
1081 4552 1172 4591 ure
1211 4552 1336 4607 ergo
1373 4534 1521 4590 civili
1559 4535 1673 4591 baee
1698 4552 1821 4591 con·
1898 4538 2297 4609 comparatione
2324 4538 2439 4594 illic
2466 4538 2709 4612 agitur),
2732 4537 2925 4608 qualia
2956 4537 3087 4592 item
3110 4542 3232 4588 sunt

498 4612 710 4675 stituta.
747 4626 886 4673 certe
935 4632 1045 4671 non
1095 4615 1348 4672 naturali.
1397 4614 1537 4670 Nam
1575 4617 1721 4684 quod
1762 4614 1820 4671 in
1899 4634 1991 4681 ea,
2033 4618 2099 4672 de
2137 4614 2340 4687 quibus
2379 4615 2493 4673 illic
2531 4617 2806 4673 institutus
2846 4626 2929 4673 est
2966 4630 3159 4677 sermo,
3184 4620 3235 4666 et

504 4694 563 4759 §-
602 4693 698 4746 ult.
735 4692 797 4746 de
839 4696 940 4761 leq.
979 4712 1068 4763 aq.
1107 4703 1201 4749 tut.
1237 4692 1493 4750 dicuntur
1532 4698 1829 4756 naturalia,
1905 4697 2088 4767 qualia
2136 4694 2371 4766 intelligi
2410 4696 2676 4767 proposito
2716 4694 2991 4751 convenit.
3018 4691 3237 4749 Institu-

504 4782 615 4824 non
671 4768 746 4826 ita
801 4770 1059 4829 dicuntur
1109 4782 1322 4844 propter
1361 4790 1445 4839 sc,
1485 4774 1574 4832 scd
1615 4786 1827 4847 propter
1908 4782 1962 4833 ta
2004 4784 2181 4833 autem
2224 4775 2509 4849 disputatio
2534 4785 2607 4831 est
2636 4774 2703 4831 de
2730 4772 2915 4829 tutelis
2958 4769 3238 4844 legitimis,
