3327 5214
519 146 626 214 1⁴95

515 262 828 334 cipiendum
855 269 964 327 est,
992 264 1050 318 ut
1075 260 1128 317 vi
1153 260 1264 331 ipsa
1289 257 1360 315 sit
1380 258 1536 328 juste.
1563 258 1693 314 Roec
1732 274 1825 315 au-

515 348 624 397 tem
663 343 804 407 duo,
843 343 1070 397 allemm
1107 354 1215 393 non
1267 339 1454 405 ludere
1475 377 1490 402 ,
1525 352 1681 393 suum
1716 339 1824 391 eut·-

511 433 612 490 que
653 422 877 475 tribuere
897 461 910 482 ,
949 417 1146 489 speeies
1183 425 1340 480 sunt,
1379 430 1501 486 quae
1540 413 1610 469 ad
1651 429 1823 469 unum

1323 150 1644 213 HUGONIS
1684 152 1998 211 DONELLI
2037 152 2407 213 COMMENT.

2856 0 2865 49 1
2935 0 2938 3 ,

3040 160 3133 219 196

1900 274 2034 323 esse,
2066 267 2126 313 ut
2160 258 2297 331 juste
2338 259 2563 315 vivatur.
2599 256 2838 329 Cumque
2870 258 3133 340 virtutium

1900 336 2191 393 honestatis
2239 336 2435 408 species
2488 337 2571 394 hae
2625 352 2828 408 quoque
2874 338 2991 406 sint,
3031 358 3135 413 pru-

1900 415 2105 478 dentia,
2150 414 2405 473 fortitudo
2423 457 2437 480 ,
2462 414 2827 486 temperantia:
2862 432 2957 473 non
2989 424 3133 477 tamen
3220 438 3226 445 ·

511 497 656 552 illud
683 514 851 569 genus
875 496 1198 560 referuntur,
1216 498 1312 566 jus
1338 510 1492 550 mum
1517 494 1701 563 cuique
1728 495 1825 547 tri-
1891 492 2030 563 ,iuris
2068 494 2265 557 tinem,
2302 502 2395 549 aut
2450 502 2770 565 praeceptum
2804 510 2923 558 esse,
2958 506 3009 551 ut
3038 513 3137 567 pru-

511 574 686 631 buere.
724 578 904 647 Atque
945 574 1018 630 ita
1057 580 1316 645 praecepta
1358 571 1471 627 haec
1511 569 1821 641 accipienda

510 660 638 709 sunt
679 656 736 709 in
778 668 1021 717 summa,
1059 652 1218 723 quasi
1257 650 1465 706 dictum
1505 649 1855 729 esset3juris·

511 740 770 803 praecepta
808 733 920 788 haec
971 746 1078 787 esse
1091 771 1104 793 ,
1139 730 1355 786 honeste
1399 726 1572 783 vivere
1611 742 1674 782 ea
1702 743 1825 798 par-

511 816 566 865 te
618 809 934 876 honestatiS,
973 822 1092 881 quae
1126 810 1344 879 justitia
1368 806 1699 877 appellatum
1728 822 1823 861 cu-

507 888 602 959 jus
641 904 868 945 munera
911 890 1026 944 haec
1064 886 1204 952 sint,
1225 902 1348 958 quoe
1373 890 1708 955 sequuntur,
1732 900 1818 939 ea-

511 968 742 1037 demque
769 976 822 1023 et
847 967 986 1037 juris
1011 972 1295 1036 praecepta,
1321 965 1548 1018 alterum
1589 977 1719 1018 non-
1738 963 1826 1017 Ζω-

511 1044 665 1107 dere,
691 1062 845 1101 suum
867 1049 1053 1115 cuique
1081 1044 1324 1099 tribuere.
1348 1040 1453 1095 Vel
1495 1038 1597 1095 hoc
1633 1040 1823 1095 modo:

509 1123 659 1178 suris
685 1132 934 1194 paecepta
967 1122 1080 1177 haec
1105 1136 1240 1187 esse,
1267 1120 1324 1177 in
1355 1117 1662 1174 universum
1700 1117 1823 1188 qui-

511 1201 636 1256 dem
665 1200 882 1257 honeste
909 1201 1106 1263 vivere,
1134 1200 1300 1270 idque
1325 1212 1422 1269 per
1445 1210 1630 1253 omnes
1644 1204 1821 1269 partes

509 1276 802 1335 honestatis
819 1320 833 1343 ,
857 1278 1019 1335 etiam
1045 1294 1166 1349 quae
1187 1275 1392 1350 justitia
1419 1290 1527 1329 non
1553 1284 1707 1331 sunt:
1736 1292 1825 1331 ve·-

508 1364 800 1414 rumtatem
829 1358 886 1413 in
915 1357 1000 1413 his
1023 1372 1130 1412 non
1171 1352 1567 1427 principaliter,
1600 1354 1693 1409 sed
1730 1368 1827 1424 per

507 1436 978 1506 consequentiam,
1015 1436 1148 1489 dum
1185 1433 1385 1491 scilicet
1411 1431 1470 1487 id
1509 1430 1720 1502 agitur.
1758 1437 1821 1487 ut

507 1514 734 1583 reliquis
759 1514 1004 1585 partibus
1035 1510 1344 1584 praestandis
1359 1509 1636 1565 tribuatur
1659 1523 1819 1565 suum

507 1592 734 1663 cuique,
759 1594 939 1664 quod,
965 1591 1077 1648 illis
1116 1588 1355 1653 violatis,
1383 1586 1538 1644 alteri
1579 1585 1821 1641 detrahe-

505 1678 682 1732 retur,
727 1678 784 1726 ut
822 1671 898 1727 sic
937 1671 1184 1725 honestas
1208 1668 1386 1723 omnis
1429 1665 1674 1735 reliqua,
1699 1680 1821 1735 quae

505 1746 596 1803 hic
623 1750 959 1821 praecipitur‚
985 1748 1052 1803 ad
1076 1747 1345 1820 justitiam
1368 1786 1383 1807 ,
1427 1752 1709 1814 tamquam
1748 1742 1819 1798 ad

503 1842 782 1882 summum
809 1829 1005 1889 linem,
1031 1827 1325 1888 reseratum
1359 1837 1528 1893 eoque
1567 1821 1634 1876 ad
1673 1836 1821 1877 sum-

505 1920 660 1959 mum
703 1905 844 1961 nihil
883 1904 1034 1959 aliud
1063 1901 1398 1972 intelligatur
1439 1898 1532 1955 hic
1573 1897 1819 1970 praecipi,

505 1998 674 2051 quam
702 1984 842 2055 juste
870 1983 1074 2038 vivere:
1101 1979 1476 2052 principaliter
1499 1986 1679 2033 autem
1706 1976 1819 2032 haee

503 2060 615 2116 duo
641 2066 898 2132 praecepta
915 2078 1040 2123 esse,
1054 2061 1284 2115 alterum
1309 2074 1418 2115 non
1438 2056 1819 2120 laedere,suum

503 2137 704 2210 cuique
730 2138 987 2195 tribuere.
1013 2139 1078 2193 ln
1103 2152 1214 2210 quo
1242 2153 1351 2193 non
1379 2139 1692 2193 statuuntur
1708 2142 1814 2189 tres

501 2217 666 2279 fines,
691 2218 785 2273 sed
812 2218 953 2273 dno:
979 2226 1032 2273 et
1063 2223 1240 2271 'amen
1269 2214 1342 2271 ita
1370 2214 1506 2277 due,
1541 2218 1604 2267 ut
1645 2210 1817 2283 specie

501 2295 612 2351 duo
633 2295 774 2360 sinn
800 2311 994 2367 genere
1022 2312 1162 2352 unus
1189 2294 1284 2349 ille
1299 2334 1313 2358 ,
1335 2308 1490 2349 suum
1513 2293 1700 2361 meique
1724 2293 1820 2347 trt-

499 2373 671 2429 lmere.
697 2372 763 2428 Id
787 2375 936 2430 enim
965 2373 1024 2430 in
1047 2373 1247 2443 species
1270 2373 1406 2427 duas
1431 2368 1724 2433 diducitur,
1750 2368 1807 2425 in

497 2466 723 2521 pet-sona
750 2452 974 2523 quidem
993 2493 1007 2516 ,
1045 2468 1116 2507 ne
1155 2450 1391 2507 alterum
1429 2446 1712 2512 laedamusz
1755 2446 1811 2503 in

501 2529 662 2584 rebus
701 2535 883 2586 autem
901 2572 916 2593 ‚
942 2536 1003 2585 ut
1026 2532 1174 2601 quod
1209 2528 1302 2585 hic
1325 2527 1588 2599 cujusque
1610 2533 1715 2590 est,
1754 2524 1813 2581 id

497 2606 548 2664 ei
587 2607 910 2666 tribuamus.
939 2610 1093 2676 Quod
1119 2616 1182 2666 ut
1207 2606 1544 2677 intelligatur
1579 2603 1655 2660 ita
1680 2619 1815 2670 ease,

495 2703 580 2742 ree
607 2688 772 2757 paulo
797 2687 1048 2757 pluribus
1059 2686 1380 2758 explicanda
1407 2688 1502 2739 est.

573 2764 702 2820 vn.
742 2765 990 2821 Primum
1031 2781 1154 2837 ergo
1191 2767 1292 2822 boc
1317 2768 1604 2823 statuatur,
1643 2775 1815 2816 unum

495 2840 653 2898 hune
693 2843 860 2900 finem
896 2843 1062 2916 juris,
1085 2852 1138 2901 et
1177 2847 1499 2916 praeeeptum
1540 2852 1817 2894 summum

493 3031 742 3132 {1233ss
741 3035 1040 3134 {limffluff
1045 3017 1252 3143 {⁰525ss
1280 3017 1815 3153 fflsstssm'fflssztx

491 3147 874 3212 magistratum.
911 3148 1020 3218 Qui
1055 3161 1109 3202 et
1142 3148 1338 3201 ibidem
1379 3152 1483 3194 tru
1519 3143 1630 3192 haec
1675 3158 1806 3208 pm·-

493 3220 641 3276 cepta
675 3213 740 3262 ad
789 3213 988 3281 triplex
1029 3213 1258 3266 officium
1302 3209 1674 3274 magistratua,
1718 3211 1807 3274 qui

491 3272 576 3388 ὲκ
609 3277 786 3328 reddit
809 3317 827 3339 ,
859 3279 1046 3330 refert.
1079 3277 1371 3332 Sententia
1415 3275 1493 3324 ha·
1542 3272 1808 3348 improba-

529 3339 742 3403 ilioree,
775 3359 930 3410 qnam
977 3353 1038 3396 ut
1079 3345 1140 3394 in
1173 3343 1240 3393 ii·
1276 3337 1584 3392 refellendia
1619 3353 1781 3389 immo

492 3404 602 3454 reri
637 3409 937 3480 conveniat.
971 3406 1245 3477 Quomodo
1277 3405 1420 3458 enim
1455 3412 1582 3454 eunt
1613 3417 1807 3468 ιιι-ωορ-

491 3477 584 3534 pta
621 3471 750 3535 juris
770 3509 788 3532 ,
820 3483 874 3524 et
957 3475 1130 3524 uidem
1163 3473 1332 3540 prima
1353 3508 1374 3533 ‚
1405 3477 1462 3520 et
1493 3484 1691 3518 summa
1710 3507 1729 3531 ,
1763 3468 1804 3518 si

491 3535 871 3650 2⁰ss23⁰⁸m1⁸
899 3554 932 3588 o
970 3539 1169 3604 ligant,
1197 3546 1291 3589 aut
1321 3536 1388 3586 ad
1419 3549 1598 3586 omnes
1633 3538 1805 3601 perti-

532 3616 560 3648 e
645 3639 656 3650 .

555 3665 632 3740 (7)
653 3663 776 3716 Non
801 3675 978 3716 tamen
1003 3665 1370 3734 improbabilis
1389 3663 1604 3722 videtur
1625 3679 1804 3716 eorum

490 3730 707 3802 opinio,
740 3730 832 3798 qni
870 3733 1124 3798 justitiam
1164 3731 1512 3782 universalem
1557 3730 1646 3778 hie
1676 3728 1806 3780 defl-

491 3793 597 3844 mri
617 3833 635 3856 ,
671 3795 929 3863 finemque
965 3798 1095 3865 juria
1125 3813 1235 3848 ease
1249 3831 1270 3857 ,
1299 3795 1646 3846 contendunt.
1670 3790 1804 3845 Baro

491 3860 570 3910 ad
604 3863 736 3914 liuh.
772 3875 824 3913 et
858 3865 924 3914 Le
965 3879 1040 3913 10.
1076 3868 1149 3917 D.
1183 3872 1238 3914 et
1271 3859 1348 3912 ud
1379 3863 1468 3910 tit.
1491 3863 1546 3911 1.
1570 3857 1638 3909 de
1661 3862 1803 3912 Just.

491 3937 539 3975 ct
560 3930 614 3978 1.
640 3939 691 3978 et
725 3931 945 4000 passim.
970 3927 1172 3979 Alcint.
1198 3945 1243 3979 ι.
1269 3931 1503 3991 Par-erg·
1527 3923 1610 3974 3¹·
1640 3921 1803 3976 Duar.

485 3993 558 4040 dc
607 3997 656 4044 1.
703 4007 754 4045 et
803 3997 850 4046 Ι.
895 3999 958 4045 C.
1003 3995 1054 4044 3.
1101 3991 1331 4044 Vesenb.
1367 3993 1426 4041 in
1457 4007 1544 4058 pr.
1581 3991 1626 4039 Ι.
1661 3991 1718 4040 Ιι.
1761 4003 1802 4041 t.

485 4054 780 4108 mattheae.
821 4074 868 4108 ι.
902 4058 971 4111 de
1009 4063 1117 4112 Via
1138 4061 1330 4132 juris,
1363 4057 1427 4107 C.
1459 4067 1516 4118 9.
1549 4064 1600 4102 et
1632 4057 1697 4108 C·
1726 4055 1801 4106 15·

485 4121 684 4174 Justita
704 4122 849 4175 enim
874 4123 1114 4177 univerae
1141 4131 1219 4174 eet
1247 4119 1632 4187 obtemperatio
1666 4127 1804 4172 seri-

483 4191 878 4306 ξ’ἱῖιῗῗῗωά
911 4183 1797 4322 52:3555252‘20.gafz‘fxzzmassji·

485 4315 662 4369 Arist.
679 4319 728 4370 5.
748 4321 878 4372 Esh.
907 4336 950 4371 ι.
969 4321 1058 4371 ubi
1083 4329 1425 4386 transgressas
1443 4314 1580 4379 leges
1589 4303 1797 4367 omnem

485 4385 806 4454 injustitiam
862 4391 1137 4442 continere
1160 4431 1178 4455 ,
1233 4387 1456 4441 scribit:
1507 4388 1803 4458 παρανομία

485 4463 581 4542 nit:
600 4465 832 4540 περιέχει
851 4471 1019 4520 πᾶσαν
1039 4465 1262 4523 ἀδικίαν.
1283 4460 1603 4532 injustitiam
1625 4470 1796 4517 autem

485 4548 816 4600 universam,
837 4539 949 4590 sive
983 4559 1133 4596 omne
1155 4543 1372 4601 vitium,
1395 4536 1514 4592 όλὴν
1535 4539 1715 4590 κακίαν
1736 4549 1796 4592 ut

484 4609 638 4673 Yoqat
661 4603 720 4652 d.
744 4603 807 4654 C.
840 4619 883 4678 ¹.'
905 4607 1126 4676 eirafi.
1151 4607 1430 4672 intelligit.
1455 4607 1654 4678 Quare,
1680 4628 1793 4660 cum

483 4669 1109 4800 imftxflsstssssssttss?
1125 4677 1281 4796 ,¹515ss
1311 4675 1803 4806 {tz‘ifff'ihifflzt

1271 4777 1283 4790 α
1475 4766 1499 4790 ὃ
1716 4763 1725 4774 ⁶

1898 572 2087 628 denter
2140 572 2373 636 vivatur,
2416 579 2475 629 ut
2525 571 2757 635 sortiter,
2792 582 2849 627 ut
2895 582 3139 647 temperan-

1898 655 2005 715 ter,
2033 650 2080 707 si
2120 652 2280 706 modo
2320 652 2409 707 bie
2446 648 2789 707 consistatur:
2812 653 2893 706 sed
2928 652 3072 707 solum
3098 661 3142 709 ut

1896 728 2057 797 ,iuste-
2097 730 2370 785 ,Iustitiam
2409 731 2629 785 colinum
2646 770 2662 793 ,
2698 728 2867 800 inquit
2902 728 3145 800 Ulpianus:

1896 806 2019 862 bom·
2029 848 2044 867 .
2080 816 2129 863 et
2181 811 2318 879 oeqm‘
2370 810 2614 867 notitiam
2665 808 2988 876 profitemur:
3030 810 3144 865 nihil

1894 884 2155 957 amplius,
2180 887 2234 941 d.
2252 886 2313 942 L.
2334 886 2384 943 1.
2408 888 2472 942 de
2490 887 2664 956 justit.
2678 890 2728 940 et
2730 888 2841 955 jur.
2857 885 3011 957 thue
3026 887 3146 957 justi-

1905 965 2036 1019 tiam
2076 964 2245 1021 solam
2280 966 2392 1037 juri
2430 963 2755 1037 propositam
2778 980 2878 1019 esse
2912 965 3152 1027 sciremus,

1904 1041 2015 1097 haec
2054 1046 2165 1099 sola
2204 1042 2361 1099 initio
2386 1043 2553 1114 hujus
2579 1042 2708 1098 artis
2732 1044 3042 1113 proponitur,
3062 1044 3149 1098 sola

1896 1120 2179 1177 delinitur:
2198 1136 2467 1193 nusquam
2494 1120 2802 1193 prudentia,
2824 1120 3062 1183 fortitudo,
3074 1132 3151 1177 aut

1896 1200 2272 1271 temperantia,
2328 1209 2508 1272 utpote
2560 1198 2631 1253 ad
2682 1200 2819 1271 juris
2866 1198 3035 1261 finem,
3080 1209 3155 1255 aut

1896 1286 2155 1349 praecepta
2190 1294 2303 1335 non
2346 1280 2683 1350 pertinentes.
2712 1278 2815 1333 Sed
2850 1285 2900 1332 et
2932 1276 3155 1348 jurispru-

1902 1355 2085 1413 dentia
2130 1356 2236 1427 ipsa
2280 1356 2403 1421 illa,
2428 1374 2550 1428 quae
2576 1355 2881 1413 divinarum
2898 1396 2912 1419 ,
2932 1364 2981 1411 et
3000 1354 3158 1409 huma·

1899 1450 2096 1490 narum
2136 1452 2321 1492 rerum
2361 1435 2609 1493 notitiam
2656 1435 2927 1506 complexa
2972 1449 3064 1489 erse
3094 1434 3159 1488 ‹li-

1898 1512 2068 1577 citur,
2108 1530 2217 1569 non
2257 1513 2549 1577 definitur,
2588 1510 2690 1568 nisi
2730 1512 2889 1585 justi,
2922 1516 2973 1567 et
3006 1511 3155 1582 iniusti

1896 1590 2134 1648 scientia.
2175 1593 2235 1648 L.
2264 1596 2509 1665 Justitia,
2550 1590 2615 1647 D.
2656 1593 2723 1648 de
2753 1593 2962 1662 justitia
3002 1598 3045 1645 et
3064 1593 3161 1661 jur.

1896 1668 2126 1747 Vitiose,
2178 1672 2223 1727 si
2278 1670 2443 1742 hujus
2494 1684 2715 1743 quoque
2770 1677 3010 1742 praeeepta
3060 1676 3163 1723 sunt

1896 1748 2191 1818 prudenter
2202 1791 2216 1812 ,
2232 1747 2440 1805 fortiter
2454 1790 2467 1813 ,
2478 1744 2833 1818 temperanter
2856 1746 3023 1804 vivere
3034 1766 3047 1800 :
3058 1762 3167 1817 quo·

1895 1821 2043 1881 niam
2074 1826 2185 1883 haic
2216 1830 2355 1898 Justi
2378 1827 2739 1900 appellatione
2778 1842 2887 1882 non
2928 1824 3163 1881 eontinen-

1895 1912 2002 1959 tur.
2043 1905 2147 1962 Sed
2186 1916 2323 1961 recte
2364 1905 2453 1962 hic
2492 1906 2666 1961 solum
2696 1908 2837 1976 justi
2876 1904 3060 1959 mentio
3094 1904 3167 1963 tit.

1894 1980 2023 2053 quia
2062 1983 2227 2040 solius
2260 1982 2389 2055 justi
2428 1982 2663 2055 cognitio
2692 1983 2797 2039 hac
2820 1992 2930 2038 arte
2964 1980 3164 2037 contine-

1898 2067 2013 2114 tur:
2052 2062 2257 2128 solum,
2296 2069 2357 2119 ut
2395 2062 2539 2124 dixi,
2576 2060 2727 2117 hunc
2776 2062 2939 2117 finem
2982 2060 3061 2130 ius
3093 2059 3171 2113 ha·-

1892 2138 2009 2205 bet,
2066 2149 2124 2197 ut
2188 2141 2327 2213 juste
2376 2140 2607 2196 vivatur.
2646 2140 2793 2196 Sane
2828 2146 2883 2195 et
2934 2138 3169 2211 superiora

1890 2215 2011 2287 jure
2064 2220 2281 2291 principi
2334 2219 2665 2290 quandoque
2716 2218 2965 2290 legimns:
3000 2216 3078 2271 sed
3114 2213 3172 2288 (7)

1899 2312 2184 2371 nunquam
2210 2298 2393 2360 aliter,
2418 2296 2521 2352 nisi
2547 2306 2821 2369 quatenus
2844 2312 2905 2352 eo
2942 2300 3177 2368 spectant,

1889 2382 1949 2429 ut
1974 2376 2113 2446 quid
2141 2376 2234 2432 fiat
2256 2374 2410 2446 juste.
2434 2374 2687 2445 Erigitur
2710 2376 2834 2449 jure
2859 2375 2929 2432 ab
2953 2370 3179 2429 omnibus

1891 2452 2004 2508 hoec
2044 2453 2355 2525 prudentia,
2384 2462 2445 2510 ut
2481 2453 2623 2523 leges
2660 2454 2879 2517 norint,
2914 2460 2966 2509 et
3002 2447 3179 2506 intelli-

1890 2541 2047 2601 gant:
2076 2533 2138 2590 L.
2176 2534 2317 2603 leues
2354 2534 2754 2596 monuimus,
2780 2532 2840 2590 C.
2863 2533 2928 2588 de
2966 2527 3107 2599 tegit.
3129 2526 3187 2583 L·

1880 2612 2085 2681 penult.
2112 2611 2169 2668 C.
2193 2613 2257 2668 de
2275 2613 2393 2681 jur.
2430 2618 2482 2666 et
2516 2613 2643 2685 fact.
2680 2613 2932 2683 t'qnoran.
2973 2609 3066 2664 Sed
3102 2623 3178 2666 eo.

1893 2703 1963 2744 ne
1999 2689 2137 2761 quid
2178 2706 2273 2762 per
2310 2689 2651 2762 imperitiam
2692 2692 2951 2746 adversus
2994 2702 3076 2744 eas
3105 2685 3183 2742 ‹le-

1893 2765 2201 2839 linquatur3
2224 2769 2317 2824 sed
2348 2768 2523 2840 potius
2564 2775 2623 2825 ut
2660 2768 2883 2824 vivatur
2920 2783 2985 2824 ex
3020 2779 3182 2823 earum

1896 2846 2227 2918 praescripto:
2253 2846 2397 2920 quod
2436 2847 2556 2918 jure
2594 2846 2714 2902 fieri
2755 2855 2994 2920 oportet,
3032 2851 3089 2900 ut
3119 2848 3183 2898 est

1892 3018 2133 3068 universe
2170 3018 2343 3070 virtus
2364 3057 2381 3080 ‚
2411 3035 2518 3069 non
2550 3035 2651 3070 una
2684 3019 2865 3086 aliqua
2898 3016 3104 3085 species·
3126 3011 3189 3065 Et

1891 3079 2045 3134 Plato
2066 3124 2083 3147 ,
2114 3085 2164 3135 5.
2198 3087 2264 3137 cle
2298 3088 2405 3137 ιι..
2444 3083 2635 3150 Legum
2674 3087 3038 3136 universarum
3068 3097 3189 3131 aum-

1892 3173 2023 3207 mnm
2050 3173 2181 3218 esse,
2202 3165 2259 3207 ut
2293 3155 2437 3206 cives
2459 3155 2647 3208 reddat
2676 3154 3187 3226 ἐυδαιμονιστάτους.

1888 3223 2166 3279 Beatitudo
2200 3244 2327 3278 vero
2345 3236 2425 3277 est
2458 3226 2597 3278 aetio
2628 3229 2923 3279 secundnm
2960 3227 3189 3276 virtutem

1886 3291 2263 3360 perfectissima
2290 3330 2303 3352 ,
2343 3307 2391 3342 ι.
2424 3295 2556 3347 Em.
2592 3307 2641 3360 7.
2678 3309 2766 3344 seu
2814 3307 3000 3343 omnes
3034 3289 3189 3340 virtu-

1886 3359 1958 3408 ti·
1990 3357 2186 3422 species
2206 3395 2226 3418 ,
2257 3374 2371 3424 quai
2398 3396 2415 3418 ‚
2444 3373 2506 3407 ex
2538 3375 2698 3407 versu
2732 3356 3061 3422 Theognidis
3084 3395 3096 3411 ,
3128 3357 3191 3421 jn-

1886 3423 2049 3474 stitiae
2074 3423 2343 3488 complexu
2370 3422 2735 3474 continentur.
2763 3422 3017 3473 Felicitas
3048 3420 3193 3485 igitur

1885 3487 2185 3552 reipublicoe
2236 3503 2350 3537 cum
2402 3503 2507 3535 non
2562 3487 2617 3537 in
2669 3504 2773 3538 una
2808 3486 3033 3539 virtutis
3064 3495 3195 3552 parte

1888 3554 2175 3604 consistat:
2218 3568 2317 3602 nec
2370 3552 2609 3628 legibue,
2658 3571 2778 3619 quae
2840 3551 3195 3619 rempublicam

1886 3633 2195 3668 conservare
2217 3654 2234 3677 ,
2268 3633 2326 3666 nc
2346 3616 2658 3668 felicitatem
2684 3617 2965 3671 custodire
2998 3616 3197 3674 debent,

1886 3684 2035 3732 unius
2058 3689 2265 3733 tantum
2302 3683 2523 3733 virtutis
2554 3699 2739 3748 scopus
2760 3685 2931 3734 debet
2952 3698 3060 3734 eane
3080 3695 3200 3746 pra·

1887 3749 2033 3798 fixus.
2069 3747 2211 3798 Idem
2237 3756 2461 3812 arguunt
2495 3758 2751 3815 proeeepta
2802 3749 2978 3816 juris,
3022 3747 3197 3812 quibua

1885 3817 2060 3866 omnia
2095 3812 2327 3862 omnium
2354 3814 2611 3864 virtutum
2636 3813 2812 3864 officia
2835 3813 3189 3864 eontinentur.

1882 3877 1957 3929 Et
1988 3879 2214 3946 primum
2248 3888 2557 3944 praeceptum
2582 3917 2599 3940 ,
2632 3882 2711 3930 ait
2750 3877 3046 3930 Mattheac.
3066 3879 3123 3928 d.
3142 3877 3201 3928 C.

1894 3946 1969 3996 15.
2008 3967 2058 3996 n.
2108 3944 2159 3994 3.
2203 3959 2409 3993 omnem
2451 3943 2673 3994 virtutis
2718 3961 2875 3994 insum
2905 3982 2923 4005 ,
2958 3951 3013 3992 et
3049 3939 3201 3992 totius

1884 4009 2005 4059 vitze
2045 4010 2365 4059 honestatem
2403 4009 2799 4074 complectitur.
2826 4008 3089 4059 Honestius
3120 4022 3199 4054 au-

1882 4083 1987 4126 tem
2036 4072 2271 4126 omnium
2314 4073 2575 4124 virtutum
2624 4074 2780 4135 fona,
2818 4073 2942 4125 Cic.
2986 4089 3030 4124 ι.
3052 4071 3203 4140 Offir-

1882 4149 1937 4190 et
1970 4155 2149 4206 scopus
2171 4177 2190 4201 ,
2221 4138 2397 4189 Arist.
2448 4155 2491 4189 t.
2546 4144 2742 4206 Magn.
2792 4141 3013 4193 Mor-al.
3046 4152 3122 4187 πο.
3152 4141 3202 4184 et

1878 4203 2105 4256 virtutes
2142 4199 2432 4254 honestatis
2466 4212 2659 4269 partes.
2690 4203 2814 4255 Cic.
2852 4207 2905 4256 3.
2941 4202 3060 4280 Off.
3101 4199 3203 4252 De-

1878 4269 2625 4388 2a;‡.¹‘322.1z:2252112·3..⁶;
2636 4270 3207 4399 gaianitae-:³5:253

1880 4410 1935 4452 et
1968 4375 2273 4468 singulatim
2318 4415 2411 4468 per
2452 4399 2653 4466 species
2687 4401 2965 4450 virtutum
2998 4394 3207 4448 deducit

1877 4463 2164 4517 Mattheac.
2189 4466 2248 4517 d.
2282 4470 2346 4518 C.
2380 4481 2434 4533 9.
2472 4487 2527 4516 η.
2570 4481 2643 4516 ιο.
2679 4479 2729 4516 et
2768 4483 2929 4537 seqq.
2952 4479 3106 4532 quem
3128 4464 3213 4510 vi-

1873 4533 1957 4582 de.
1982 4531 2199 4583 Confer.
2225 4527 2481 4584 Pieolom.
2518 4535 2616 4584 Gr.
2658 4545 2732 4580 ιο.
2784 4529 2861 4583 de
2906 4529 3205 4584 Virtutibus

1876 4619 1972 4665 per·
2006 4601 2127 4650 ιιι-ὸ.
2164 4596 2382 4664 est'uml.
2416 4599 2477 4650 ζ’.
2523 4596 2599 4647 18.
2644 4593 2843 4647 Ehem.
2865 4598 3003 4650 'Iib-
3048 4591 3097 4643 5-
3138 4589 3209 4644 de

1878 4667 2121 4732 Princip-
2146 4665 2303 4736 juris
2334 4667 2397 4716 C·
2435 4661 2486 4713 3·
2522 4675 2573 4714 et
2606 4661 2661 4726 4.
2976 4699 2981 4704 -

3276 48 3280 219 ἰ
