3327 5214
487 160 600 221 187

485 270 562 328 ris
585 287 696 327 non
723 270 866 343 justa
903 269 1175 326 excusatio
1213 275 1307 326 oet.
1341 270 1396 325 L.
1435 272 1594 333 vani,
1637 268 1706 325 D.
1743 268 1808 325 de

484 352 659 421 requl.
677 354 796 421 jur.
811 349 967 416 Quod
995 366 1056 405 eo
1081 358 1296 421 spectat,
1321 356 1382 405 ut
1410 364 1505 419 pro
1531 358 1682 404 metu
1698 363 1807 403 nou

481 428 553 487 sit
590 428 891 485 habendus.
929 428 994 483 ld
1035 428 1102 483 de
1139 427 1278 498 juris
1328 424 1591 497 ignoratia
1635 425 1811 481 multo

481 508 677 580 justius
715 503 942 571 dicitur,
967 522 1093 562 cum
1121 504 1418 577 imperetur
1443 504 1734 570 omnibus,
1751 513 1811 561 ut

486 587 627 658 leges
675 593 1022 655 cognoscant,
1075 591 1129 640 et
1175 600 1240 639 ex
1280 584 1626 655 cognitarum
1679 600 1811 655 prae-

485 666 684 738 scripto
721 663 935 729 vivant,
961 664 1108 736 quod
1135 673 1188 719 et
1227 660 1330 717 sibi
1371 661 1604 735 quisque
1643 662 1811 734 impe-

488 761 610 800 rare
635 751 828 816 potest:
855 759 1014 798 nemo
1041 750 1222 797 autem
1249 741 1596 797 meticulosus
1619 740 1811 811 jubea-

488 832 581 881 tur
607 839 714 879 non
745 830 1010 885 metuere,
1035 828 1130 876 aut
1149 819 1326 891 jussus
1351 818 1509 876 facile
1547 818 1650 875 sibi
1679 836 1813 891 prae-

485 904 718 958 scribere
757 899 944 972 possit,
983 916 1052 954 ne
1091 904 1314 955 metuat.
1355 897 1424 954 Et
1462 914 1585 954 vero
1624 914 1812 954 erran-

486 988 564 1037 tes
619 980 674 1036 in
730 980 851 1053 jure
905 995 1005 1051 pro
1061 975 1370 1033 errantibus
1421 994 1532 1033 non
1585 976 1809 1041 haberi,

1300 158 1622 219 nuuoms
1662 156 1979 251 ponatis
2020 160 2393 219 cosmam.

3046 162 3133 225 tes

1886 266 2100 331 litibus,
2127 276 2187 324 ut
2212 270 2270 326 in
2299 264 2671 339 compendiis?
2694 265 2825 334 Quia
2850 266 2900 323 in
2926 268 3141 328 immittis·

1886 354 1939 403 et
1979 347 2193 403 rusticis
2242 346 2541 419 majoribus
2602 344 3013 420 vigintiquinque
3066 364 3145 405 an-

1888 424 1975 481 nis
2014 442 2125 482 non
2166 427 2355 485 eadem
2379 434 2457 481 est
2484 424 2771 481 infirmitas
2806 427 3025 487 consilii.
3046 440 3143 497 qun

1889 504 1948 559 in
2006 504 2335 567 minoribusz
2386 520 2495 560 non
2546 500 2692 559 idem
2742 502 2824 559 his
2872 502 3023 567 favor,
3066 502 3145 575 qui

1890 582 2185 648 militibus:
2238 590 2298 639 ut
2338 582 2541 639 mirum
2583 598 2695 638 non
2734 581 2826 643 sit.
2862 581 2904 638 si
2946 582 3022 638 bis
3058 599 3148 639 non

1887 678 2095 733 semper
2136 662 2279 719 idem
2320 660 2600 719 tribuitur.

1965 740 2062 796 Vl.
2088 741 2199 797 Cur
2222 756 2349 811 ergo
2388 738 2655 798 tribuitur
2678 739 2849 811 potius
2872 739 2926 795 in
2962 738 3152 802 damnis,

1886 835 2055 889 quam
2085 818 2140 876 iu
2171 818 2372 876 lucris?
2398 818 2539 887 Quia
2566 817 2859 875 humanius
2882 826 2973 879 est,
2994 826 3039 873 et
3058 834 3155 889 pro-

1888 898 2082 956 clivius
2118 896 2298 955 favere
2338 896 2669 969 repetitioni.
2704 912 2869 967 quam
2906 894 3153 953 adventitio

1890 978 2063 1034 luero.
2105 978 2167 1035 L.
2206 994 2311 1034 non
2350 978 2495 1034 debet
2532 978 2726 1037 actori.
2752 976 2809 1051 S.
2838 976 2887 1031 1.
2910 974 2973 1033 Β.
2994 976 3049 1031 de
3070 989 3159 1043 req.

486 1058 721 1129 intelligi
762 1066 930 1130 potest
967 1074 1034 1112 cx
1083 1056 1287 1127 optimo
1336 1055 1622 1127 rescripto,
1659 1056 1807 1127 quod
1881 1060 2000 1127 jur.
2038 1057 2100 1115 L.
2141 1056 2431 1121 Proculus,
2472 1056 2539 1113 D.
2580 1056 2643 1113 de
2680 1054 2861 1110 damn.
2896 1056 2985 1131 ins.
3008 1054 3061 1110 L.
3084 1055 3158 1107 ult

488 1137 724 1194 refertur
763 1136 820 1192 in
863 1138 924 1193 L.
974 1136 1196 1207 naula,
1235 1135 1294 1207 s.
1331 1136 1380 1191 st·
1416 1136 1538 1206 quis
1568 1137 1699 1205 jus,
1750 1134 1807 1190 in

487 1224 752 1277 extremo,
776 1214 842 1271 D.
865 1216 929 1272 de
949 1218 1068 1287 jur.
1093 1221 1142 1269 et
1177 1214 1303 1287 fact.
1339 1215 1516 1283 fauor.
1547 1212 1654 1273 Ubi
1681 1214 1812 1269 stut-

486 1300 530 1351 a·
565 1302 916 1367 opponuntur
954 1292 1286 1355 errantibus,
1311 1299 1364 1347 et
1401 1293 1552 1348 stulti
1589 1290 1707 1348 illic
1732 1291 1815 1346 di·

487 1381 717 1437 cuntur,
755 1372 886 1445 quia
929 1370 1199 1445 imperitia
1225 1370 1365 1441 juris
1387 1369 1523 1442 lapsi
1551 1370 1814 1427 beneficio

485 1452 622 1524 legis
678 1449 934 1509 Falcidiae
989 1449 1070 1506 usi
1128 1466 1240 1505 non
1295 1458 1466 1505 erant.
1506 1448 1595 1506 Sic
1635 1459 1815 1505 autem

486 1532 652 1587 verba
693 1538 844 1586 sunt:
887 1530 1044 1600 Quod
1083 1532 1130 1583 st·
1160 1529 1278 1584 ideo
1317 1531 1674 1598 repetitionem
1700 1532 1819 1599 ejus

477 1626 722 1681 pecumoe
747 1608 938 1664 habere
964 1609 1183 1665 credunt
1200 1608 1368 1679 ,quod
1381 1610 1650 1677 imperitia
1676 1608 1817 1677 lapsi

487 1689 625 1759 leuis
657 1688 910 1745 Falcidiae
935 1686 1182 1756 beneficio
1207 1688 1295 1741 usi
1318 1702 1426 1740 non
1464 1695 1622 1740 stent.-
1647 1688 1817 1741 sciant

485 1769 858 1837 ignorantiam
893 1769 1024 1842 sacti
1041 1804 1055 1827 ,
1090 1780 1196 1820 non
1227 1762 1379 1834 juris
1405 1766 1654 1833 prodesse
1673 1806 1688 1829 ,
1724 1781 1817 1820 nee

488 1847 671 1902 stultis
709 1846 872 1902 solere
911 1845 1176 1905 succurri,
1213 1844 1304 1899 sed
1341 1843 1656 1897 errantibus.
1696 1842 1819 1899 Non

487 1934 616 1981 sunt
643 1940 769 1995 ergo
794 1923 947 1979 stulti
976 1921 1032 1977 in
1065 1937 1293 1977 numero
1318 1920 1650 1976 errantium:
1688 1922 1819 1979 alio-

487 2003 615 2074 qui,
669 2018 795 2057 cum
851 1999 1161 2057 errantibus
1213 2008 1561 2055 succurratur
1581 2041 1595 2064 ,
1649 2000 1813 2057 etiam

487 2090 895 2137 succurreretur
933 2077 1126 2136 stultis,
1177 2078 1280 2134 Sed
1320 2085 1372 2134 et
1409 2078 1594 2143 stulti,
1633 2086 1695 2135 ut
1733 2080 1815 2137 di-

491 2158 585 2223 xi,
623 2164 974 2232 opponuntur
1012 2156 1337 2213 errantibuS.
1376 2156 1535 2223 Quod
1577 2174 1687 2213 non
1716 2158 1817 2214 ali-

489 2246 573 2297 ter
609 2248 753 2294 recte
791 2238 881 2301 fit,
929 2252 1096 2309 quam
1136 2235 1182 2303 si
1221 2234 1373 2291 stulti
1413 2246 1652 2292 errantes
1702 2254 1813 2294 nou

486 2316 623 2379 sint,
649 2328 744 2373 aut
771 2324 912 2372 certe
937 2330 1035 2387 pro
1075 2313 1386 2370 errantibus
1427 2330 1534 2369 non
1578 2315 1817 2372 habean-

488 2403 596 2453 tur.
623 2395 872 2467 Denique
897 2394 1013 2450 haec
1039 2394 1282 2464 rescripti
1309 2393 1554 2449 collectio
1579 2404 1685 2451 est:
1714 2396 1816 2450 Er-

489 2474 739 2530 rantibus
776 2474 952 2529 solum
993 2472 1348 2528 succurritur.
1375 2470 1564 2536 Stulti,
1589 2474 1687 2545 qui
1716 2472 1819 2529 im·-

489 2552 684 2625 peritia
721 2550 859 2626 juris
897 2551 1031 2622 lapsi
1087 2558 1240 2614 sunt,
1281 2566 1390 2606 non
1441 2561 1568 2607 sunt
1607 2550 1663 2609 in
1716 2552 1819 2609 hoc

489 2647 734 2688 numero.
758 2630 994 2687 Proinde
1020 2629 1106 2686 his
1133 2628 1372 2686 succurri
1401 2645 1512 2684 non
1554 2633 1703 2688 solet.
1729 2632 1809 2688 lta

487 2721 540 2766 et
578 2727 762 2766 rerum
790 2707 1128 2770 conditione,
1153 2717 1205 2764 et
1231 2709 1490 2764 sententia
1517 2711 1697 2782 legum
1729 2727 1815 2767 re-

489 2796 571 2846 cte
612 2790 702 2853 fit,
723 2789 897 2862 quod,
923 2803 1048 2842 cum
1077 2789 1144 2843 de
1171 2786 1476 2858 ignorantia
1517 2791 1810 2860 quaeritur,

489 2867 616 2926 facti
659 2867 963 2940 ignorantia
1006 2865 1361 2938 distinguitur
1389 2867 1462 2922 ab
1503 2867 1812 2938 ignorantia

486 2947 654 3020 juris,
694 2951 976 3020 placetque
1015 2945 1170 3002 illam
1212 2945 1479 3016 prodesse,
1519 2946 1660 3002 hanc
1700 2963 1810 3003 non

487 3027 751 3098 prodesse.

569 3107 664 3161 IV.
701 3105 812 3162 Cur
836 3121 968 3177 ergo,
983 3103 1122 3174 juris
1147 3101 1454 3174 ignorantia
1480 3100 1814 3173 quibusdam

489 3185 731 3254 prodest,
774 3203 866 3242 seu
907 3183 1237 3255 quibusdam
1267 3199 1376 3238 non
1404 3188 1583 3245 nocet,
1611 3190 1669 3238 ut
1694 3198 1815 3237 mu-

488 3261 716 3320 lleribus
727 3307 740 3328 ,
757 3262 1064 3321 minoribus
1075 3303 1090 3327 ,
1105 3260 1393 3325 militibus,
1407 3259 1654 3317 rusticis?
1670 3260 1811 3329 Quia

489 3356 684 3411 genere
726 3340 840 3414 ipso
879 3343 993 3398 haec
1031 3340 1340 3411 ignorantia
1367 3355 1476 3396 non
1503 3349 1581 3394 est
1621 3340 1814 3410 proba-

492 3419 642 3475 bilis:
669 3420 726 3476 in
756 3421 842 3476 his
879 3428 955 3476 est
992 3420 1290 3490 probabilis
1327 3428 1381 3476 et
1419 3418 1667 3484 ferenda,
1690 3433 1813 3491 qum

490 3498 690 3569 partim
731 3496 1102 3555 imbecillitate
1127 3499 1324 3563 aetatiS‚
1350 3504 1445 3553 aut
1468 3513 1624 3555 sexus
1650 3515 1815 3556 excu-

490 3585 664 3632 satur:
703 3575 904 3648 partim
954 3575 1294 3632 condictione
1342 3577 1493 3640 vitas,
1533 3576 1590 3633 in
1643 3592 1809 3646 quam

491 3655 682 3726 peritia
720 3655 861 3728 juris
901 3670 1008 3709 non
1052 3654 1208 3709 facile
1255 3653 1425 3719 cadit,
1473 3654 1811 3712 defenditur:

491 3733 672 3805 qualis
709 3744 786 3790 est
825 3733 883 3789 in
927 3730 1218 3795 militibus,
1255 3742 1310 3790 et
1347 3733 1577 3790 rusticis.
1678 3743 1685 3752 ·

569 3813 640 3869 V.
679 3813 811 3875 Sed,
848 3829 974 3868 cum
1014 3811 1312 3875 fateamur,
1349 3810 1408 3866 in
1450 3812 1536 3868 his
1574 3811 1814 3882 personis

489 3890 629 3964 juris
668 3907 904 3949 errorem
931 3888 1326 3947 excusationem
1353 3889 1582 3946 habere:
1608 3906 1705 3945 cur
1731 3890 1816 3946 in·-

492 3973 708 4027 terdum
735 3972 878 4028 hanc
903 3967 1298 4028 excusationem
1325 3966 1620 4026 tribuimus
1655 3985 1818 4040 supra

494 4051 704 4122 scriptis
752 4049 990 4122 personis
1041 4046 1329 4109 omnibus,
1369 4054 1429 4102 ut
1467 4049 1526 4103 in
1568 4048 1815 4104 damnis:

495 4129 630 4187 alias
655 4145 764 4187 non
793 4129 1086 4188 tribuimus
1103 4168 1118 4193 ,
1143 4125 1251 4185 nisi
1276 4126 1582 4184 minoribus
1595 4169 1610 4194 ,
1636 4136 1691 4184 et
1714 4127 1818 4186 mi-

1888 1137 1945 1210 s.
1975 1153 2101 1205 pen.
2143 1132 2202 1191 C.
2237 1134 2302 1191 de
2340 1134 2565 1191 codicill.

1968 1215 2093 1270 vn.
2136 1212 2373 1269 Rursum
2414 1230 2628 1285 quoero,
2652 1228 2755 1268 eur
2793 1211 2852 1268 in
2891 1208 3165 1271 damnis,et

1890 1291 2057 1349 lucris
2082 1291 2345 1349 tribuitur
2370 1292 2470 1347 hoc
2494 1293 2683 1349 saltem
2710 1290 2867 1347 certis
2880 1288 3163 1361 quibusdam

1891 1372 2156 1443 personiss
2170 1387 2239 1426 ne
2255 1369 2338 1427 his
2351 1371 2489 1445 juris
2514 1386 2664 1427 error
2690 1378 2905 1426 noceat:
2920 1366 2973 1423 in
2990 1364 3170 1422 damnis

1896 1458 2076 1506 autem
2116 1449 2428 1507 amittendae
2467 1448 2544 1505 rei
2584 1466 2720 1512 suat,
2758 1462 2883 1503 cum
2922 1447 2985 1501 de
3026 1443 3170 1499 admi·

1895 1527 2213 1595 nistratione
2252 1544 2433 1584 rerum
2476 1537 2627 1586 extra
2667 1525 2863 1583 delicta
2902 1524 3091 1597 agitur,
3123 1520 3171 1577 in

1892 1616 2066 1667 totum
2093 1607 2184 1664 hic
2208 1622 2357 1664 error
2384 1607 2527 1665 nulli
2552 1602 2749 1663 nocet?
2765 1601 3033 1663 Nimirum
3063 1602 3175 1663 ideo,

1892 1686 2023 1760 quia
2064 1702 2213 1745 ermr
2232 1685 2371 1757 juris
2398 1682 2541 1743 nihil
2574 1684 2837 1757 cuiquam
2876 1680 3078 1739 tribuit:
3101 1680 3173 1735 sed

1894 1782 1993 1823 nec
2042 1763 2207 1823 etiam
2240 1764 2498 1835 cuiqnam
2528 1806 2542 1829 ,
2602 1762 2750 1835 quod
2777 1762 2902 1834 jure
2958 1760 3177 1817 amissum

1900 1860 2009 1901 non
2060 1854 2162 1908 cst,
2188 1841 2398 1901 adimit.
2434 1844 2500 1899 ln
2552 1839 2891 1914 compendiis
2942 1854 3107 1911 porro,
3136 1844 3177 1891 et

1901 1924 2117 1980 damnis
2169 1922 2214 1979 si
2266 1938 2433 1980 error*
2459 1921 2599 1995 juris
2636 1921 2889 1993 prodest:
2928 1918 3040 1975 illic
3082 1932 3179 1989 pro-

1892 2004 2008 2059 dest
2044 2002 2116 2057 ad
2157 2000 2553 2075 acquirendum
2572 2042 2587 2066 ,
2612 2000 2763 2073 quod
2790 2011 3030 2055 nostrum
3068 2010 3182 2051 nun-

1892 2098 2059 2153 quam
2119 2080 2252 2148 suin
2304 2081 2397 2137 hic
2448 2081 2515 2136 a'd
2561 2077 2982 2136 nanciscendam
3028 2070 3182 2131 amissi

1892 2158 2294 2233 repetitionem,
2320 2176 2489 2234 quam
2514 2174 2615 2217 nec
2640 2159 2815 2229 ipsam
2860 2163 2984 2213 ante
3022 2150 3167 2209 habui
3177 2181 3188 2194 ·

1894 2255 2032 2295 mus.
2048 2238 2284 2294 Proinde
2310 2254 2490 2310 neque
2516 2236 2634 2294 illic
2660 2234 3189 2307 acquisitionemme·

1894 2336 2002 2391 que
2029 2316 2121 2373 hie
2147 2317 2516 2389 repetitionem
2546 2316 2592 2373 is
2618 2332 2773 2370 error
2796 2312 3009 2371 tribuit.
3046 2312 3110 2368 At
3140 2307 3189 2364 in

1895 2396 2111 2453 damnis
2148 2395 2457 2453 amittendae
2484 2396 2563 2454 rei
2589 2400 2785 2450 nosti-m
2814 2409 2927 2449 non
2956 2392 3011 2448 id
3049 2390 3191 2459 igitur

1898 2494 1967 2533 ne
1996 2490 2150 2533 error
2174 2473 2331 2532 nobis
2350 2474 2497 2547 quid
2524 2473 2773 2547 adjiciat:
2798 2472 2895 2529 sed
2922 2486 2991 2527 ne
3016 2466 3197 2526 adimat

1897 2570 2090 2628 nempe
2128 2570 2271 2620 rem,
2299 2569 2422 2627 quae
2446 2554 2629 2610 adhuc
2666 2560 2855 2610 noeti-a
2893 2558 2997 2612 ωε,
3040 2554 3196 2634 utpote

1888 2651 2067 2691 errore
2100 2631 2240 2704 juris
2278 2651 2388 2690 non
2430 2634 2642 2690 amissa.
2681 2630 2849 2688 Unde
2892 2629 3088 2686 dicitur
3122 2639 3196 2694 agi

1890 2713 1959 2769 de
1998 2713 2200 2769 damno
2226 2711 2303 2768 rei
2333 2711 2673 2776 amittendae,
2698 2727 2816 2766 non
2852 2708 3074 2766 amissae.
3108 2701 3199 2759 Mi-

1890 2791 2037 2849 nime
2066 2789 2317 2849 convenit
2335 2831 2350 2854 ‚
2376 2806 2614 2847 errorem
2636 2787 2811 2862 juris,
2846 2787 2995 2858 quod
3022 2785 3089 2840 ab
3114 2780 3203 2837 iui-

1894 2871 1970 2928 tio
1996 2869 2155 2927 nobis
2204 2885 2315 2926 non
2369 2869 2598 2934 ademit,
2634 2865 2725 2934 id,
2772 2867 2874 2923 ubi
2918 2879 3093 2922 errare
3129 2859 3207 2916 de·

1891 2949 2108 3014 siimus,
2158 2946 2319 3005 nobis
2370 2948 2624 3004 adimere.
2662 2947 2735 3004 Et
2772 2963 2907 3002 vero
2948 2944 3041 3000 hic
3076 2953 3208 2997 error

1891 3027 1949 3084 id
1978 3037 2225 3100 pra-:stare
2250 3044 2361 3083 non
2380 3033 2547 3098 potest
2563 3069 2577 3092 ,
2602 3043 2731 3083 cum
2756 3027 2851 3098 jus
2878 3024 2939 3079 in
2968 3023 3067 3077 hoc
3079 3033 3206 3076 erro-

1892 3123 1951 3162 re
1976 3122 2091 3163 rem
2118 3117 2357 3164 nostram
2385 3104 2545 3163 nobis
2580 3123 2689 3162 non
2728 3103 2964 3161 adimat.
3002 3101 3081 3158 Ac
3114 3113 3206 3154 non

1892 3185 2149 3242 ademisse
2202 3195 2409 3242 certum
2462 3193 2853 3255 argumentum
2912 3189 2991 3238 est
3016 3221 3031 3244 ,
3080 3171 3209 3248 quod

1893 3264 2157 3329 dicImus,
2196 3266 2265 3321 de
2304 3279 2388 3329 re,
2440 3274 2502 3320 ut
2552 3262 2892 3328 amittenda,
2948 3259 3064 3330 agi,
3112 3269 3209 3312 non

1894 3359 2107 3400 amissa.
2478 3383 2481 3390 .

1970 3421 2121 3478 VIII.
2158 3420 2461 3488 Postremo,
2486 3421 2529 3478 si
2558 3421 2616 3479 in
2643 3417 2770 3476 aliis
2802 3417 3032 3476 damnis
3072 3411 3215 3470 amit-

1890 3502 2065 3558 tendae
2092 3501 2168 3556 rei
2210 3507 2400 3558 nostrae
2426 3501 2683 3558 omnibus
2720 3499 2831 3556 hoc
2874 3506 3133 3558 servatur.
3156 3507 3219 3546 ηε

1890 3579 2026 3651 juris
2064 3595 2215 3636 error
2242 3587 2459 3637 noceat:
2485 3595 2585 3636 eur
2609 3577 2667 3633 in
2695 3577 2924 3634 delictis
2954 3573 3213 3632 nunidem

1890 3657 2281 3729 placuit?Quia
2300 3659 2451 3715 aliud
2468 3657 2678 3715 utilitas
2694 3655 3063 3728 privatorum,
3077 3647 3219 3706 aliud

1891 3737 2204 3809 reipublicae
2230 3737 2485 3809 postulat.
2510 3735 2738 3792 Publice
2766 3745 2964 3792 autem
2992 3731 3221 3791 interest,

1892 3814 2162 3888 impunita
2187 3815 2455 3872 maleficia
2483 3831 2595 3871 non
2630 3829 2757 3869 esse.
2797 3815 2864 3870 L.
2908 3814 3133 3871 locatio.
3164 3805 3224 3880 S.

1892 3897 2035 3964 quod
2058 3895 2274 3958 illicito,
2302 3893 2362 3950 D.
2400 3895 2463 3952 de
2500 3895 2773 3965 publicave.
2819 3891 2887 3948 L.
2930 3895 3015 3947 ita
3052 3887 3229 3944 vulne·

1894 3981 2045 4030 ratus
2062 4015 2076 4038 ,
2102 3976 2161 4050 S.
2184 3977 2282 4032 ult.
2318 3989 2452 4030 vers.
2475 3973 2617 4046 quod
2642 3975 2691 4029 εἰ
2713 3974 2883 4043 quis,
2909 3967 2978 4027 D.
3000 3968 3079 4024 ad
3103 3965 3229 4036 W-

1895 4051 2081 4124 Aquil.
