3327 5214
225 123 318 193 461

229 235 899 308 Lmyutu.§.stquisflts.
933 233 1488 324 §svmmvm-(1)

223 335 310 376 nou
342 317 476 388 quod
521 313 818 384 ignorantia
856 317 908 367 et
945 328 1098 368 error
1131 311 1318 368 eadem
1351 324 1486 368 sint:

220 399 293 456 sed
323 393 458 466 quod
495 393 670 448 nullus
707 397 786 446 est
821 405 1004 458 error,
1052 389 1164 450 nisi
1210 409 1282 446 ex
1335 389 1486 461 igno-

219 475 362 532 rantia
399 472 470 527 rei
488 513 502 536 ,
539 487 600 526 ac
643 469 918 544 quidquid
963 471 1136 526 errori
1187 469 1482 532 tribuitur,

217 571 304 610 non
347 550 592 608 tribuitur
613 591 626 610 ‚
673 548 780 604 nisi
832 559 1050 620 propter
1101 547 1484 619 ignorantiam.

217 633 408 704 ignorat,
429 645 482 685 se
507 629 755 684 heredem
797 626 1106 682 institutum
1132 626 1228 698 qui
1255 645 1310 683 se
1335 627 1484 684 insti-

214 717 358 768 tutum
393 707 583 771 nescit,
609 705 818 762 etiamsi
857 704 916 760 in
945 705 1088 761 hanc
1113 713 1326 778 partem
1369 722 1479 760 non

209 789 522 860 pmpendeat,
575 794 636 841 ut
685 791 840 856 putet
863 821 880 846 ‚
923 800 978 840 se
1043 801 1154 842 non
1221 799 1344 840 oese.
1409 785 1484 840 At

207 867 282 938 qui
337 867 562 936 ignorat,
627 872 681 920 et
749 863 984 932 amplius
1047 879 1114 919 ex
1171 863 1276 919 hac
1331 862 1481 932 igno-

205 945 349 1002 rantia
407 961 471 1002 eo
527 941 822 998 adducitur
856 980 873 1005 ,
939 950 1002 998 ut
1056 958 1112 997 se
1167 940 1476 998 institutum

203 1041 290 1080 non
337 1031 506 1096 putet,
555 1027 720 1078 errat.
767 1020 1080 1092 Ignorantia
1129 1029 1211 1078 cst
1247 1018 1476 1076 inscien-

246 1179 312 1239 (ι)
339 1173 688 1252 Ignorantiam
725 1173 871 1225 enim
905 1174 972 1225 ab
1017 1189 1208 1252 errore
1244 1171 1482 1232 differre,

197 1241 360 1293 docem
396 1241 572 1292 collau
603 1239 656 1309 ς.
691 1241 744 1292 5.
777 1247 834 1292 et
863 1239 914 1309 5.
953 1256 1036 1292 ιο.
1075 1242 1238 1308 Legis
1269 1241 1379 1292 ult.
1409 1237 1480 1290 de

831 125 928 182 DE
963 125 1145 182 101OE
1183 127 1406 184 clvlu
1449 129 1580 186 Lm.
1619 130 1662 186 Ι.
1702 130 1857 187 CAP.
1894 132 2059 189 xlx:
2086 132 2212 192 XX.

2776 144 2890 202 162

1569 237 1640 292 tia
1675 255 1687 292 :
1767 253 1917 293 error
1983 237 2111 294 falsa
2187 240 2373 310 opinio
2440 259 2507 297 ex
2580 243 2885 312 ignorantia

1563 323 1869 378 contracta:
1906 317 2015 372 sive
2052 317 2189 388 quid
2230 335 2339 374 osse
2376 328 2557 390 putes.
2595 325 2745 392 quod
2776 342 2885 380 non

1561 404 1671 456 est:
1710 391 1817 450 sive
1856 411 1964 450 non
2004 411 2143 460 esse,
2182 397 2329 466 quod
2369 407 2462 454 est.
2504 399 2635 454 Hoec
2670 403 2886 472 opinio,

1562 472 1660 528 etsi
1702 471 1867 527 habet
1918 473 2149 530 errantis
2184 491 2459 532 assensum
2478 515 2496 540 ,
2536 495 2645 534 non
2698 490 2882 536 tamen

1561 549 1734 620 magis
1772 559 1953 616 nocet,
1994 565 2161 621 quam
2212 552 2323 623 ipsa
2375 555 2713 622 ignorantia,
2750 575 2887 629 quu-

1559 627 1711 683 niam
1749 637 1803 683 et
1842 629 1933 684 hic
1984 645 2225 686 assensus
2260 649 2327 686 ex
2368 633 2673 702 ignorantia
2714 639 2887 694 nasci-

1557 714 1669 762 tur.
1708 707 1813 762 Sed
1852 713 1905 763 et
1944 723 2125 764 revera
2164 725 2313 764 error
2340 725 2449 768 non
2480 712 2641 768 habet
2666 731 2885 772 consen-

1557 800 1707 840 sum:
1746 801 1907 849 cnm,
1944 786 1989 842 si
2029 785 2155 856 quis
2188 787 2377 852 sciret,
2416 791 2565 862 quod
2608 791 2665 848 in
2710 803 2885 859 reest„

1555 879 1671 921 non
1711 861 2051 920 consentiret.
2088 866 2149 920 L.
2188 866 2243 922 2.
2281 868 2343 922 ἐκ
2372 883 2465 936 pr.
2490 869 2556 926 D.
2582 872 2647 928 de
2668 872 2795 938 jud.
2824 876 2885 930 L.

1555 945 1741 1012 siper
1778 959 2047 1002 errorem.
2088 943 2155 999 1).
2194 945 2495 1014 ‹tejas-ind.
2532 948 2595 1004 L.
2650 965 2763 1006 non
2800 954 2890 1008 icl-

1553 1023 1723 1086 a'rco,
1762 1022 1821 1078 C.
1858 1021 2072 1092 dojtsr.
2108 1029 2159 1078 ct
2190 1025 2317 1097 fact.
2354 1025 2469 1094 ἐφη.

1553 1173 1841 1242 publicem·
1876 1171 2009 1224 vid.
2044 1173 2213 1226 Duar.
2247 1171 2324 1226 ud
2354 1179 2489 1228 eum*
2525 1180 2643 1232 Tit.
2676 1179 2747 1233 de
2784 1201 2883 1250 pu·-

1559 1240 1765 1294 blicam.
1798 1236 1863 1290 C.
1896 1239 1947 1294 3.
1985 1236 2167 1306 Cujac·
2204 1240 2287 1306 14.
2321 1241 2441 1294 Obs.
2476 1243 2527 1294 3.

1311 1407 1515 1468 cAP.
1580 1409 1709 1466 XX.

847 1567 1160 1641 Ignorantia
1201 1565 1328 1624 tacti
1365 1565 1496 1630 uhi,
1537 1573 1590 1622 et
1625 1572 1893 1639 quatenus
1930 1573 2195 1626 excusata.

193 1727 368 1797 req-la
415 1739 494 1786 est
515 1767 532 1792 ,
581 1730 720 1802 facts·
779 1729 1146 1798 {onerantium
1191 1725 1438 1795 prode-stc
1452 1765 1469 1791 ,

189 1808 812 1956 tatami-“istem
861 1885 1024 1941 αἰαπι
1059 1885 1119 1938 in
1163 1885 1472 1952 {qnos-antes

189 1965 548 2114 Extat-¹⁶11.
587 2045 906 2114 iynomnaea
943 2042 1152 2112 arpino.
1193 2037 1292 2094 111.

245 2198 282 2254 l.
313 2199 426 2255 lam
466 2201 535 2256 de
571 2201 698 2271 jure
735 2199 932 2255 harum
969 2211 1157 2253 rerum
1183 2193 1376 2252 ordine
1399 2195 1476 2250 vi·

185 2277 384 2334 deamus.
421 2279 489 2336 Et
528 2275 602 2335 de‘
643 2277 950 2347 ignorantia
1005 2273 1131 2332 sacti
1171 2275 1288 2330 hnc
1336 2274 1476 2344 juris

185 2357 340 2423 regula
377 2365 451 2414 est
491 2359 616 2432 (sic
655 2355 804 2411 enim
855 2357 1058 2412 Paulus
1097 2360 1246 2408 vocat
1296 2351 1356 2408 in
1411 2351 1474 2408 L.

183 2435 367 2504 mulo,
403 2437 471 2492 D.
498 2439 564 2494 ac
587 2439 710 2505 jur.
747 2443 798 2492 et
831 2437 957 2506 fact.
995 2432 1141 2503 imi.)
1169 2429 1294 2486 facti
1322 2429 1476 2500 igno-

183 2513 384 2570 rantiam
427 2531 538 2570 non
570 2529 784 2569 nocere.
807 2515 861 2568 d.
889 2513 951 2569 L.
989 2513 1186 2578 naula
1206 2511 1268 2564 in
1281 2525 1374 2578 pr.
1401 2508 1474 2582 (¹)

183 2589 266 2647 Pro
307 2610 414 2664 quo
451 2594 590 2651 alibi
645 2591 882 2656 dicitur,
931 2589 1058 2648 facti
1107 2587 1472 2661 ignorantiam

183 2673 400 2743 mudffle.
457 2674 519 2730 L.
575 2672 633 2729 t.
683 2673 736 2727 d.
781 2672 836 2727 L.
873 2672 1100 2739 requla.
1151 2668 1208 2741 §-
1260 2670 1308 2723 εἰ
1357 2669 1478 2737 quis

56 2754 59 2791 f
149 2806 154 2813 ,
176 2754 264 2821 fue.
293 2753 346 2805 in
381 2752 474 2821 fin.
515 2752 633 2809 eod.
673 2750 836 2807 Recte
863 2760 1186 2817 utrumque,
1211 2751 1266 2801 et
1289 2744 1474 2801 eodem

177 2844 320 2903 μω.
357 2829 525 2894 Nam,
567 2837 632 2886 ut
682 2836 810 2885 ante
863 2824 1129 2889 indicavi,
1167 2838 1278 2881 non
1317 2829 1472 2879 nocet

179 2906 270 2965 haec
319 2908 628 2977 ignorantia
647 2950 661 2972 ‚
699 2907 832 2979 qnia
885 2922 996 2963 non
1047 2902 1206 2967 facit,
1247 2910 1308 2957 ut
1346 2900 1473 2972 quis

56 3002 58 3011 ·
179 2988 224 3043 in
255 3002 452 3058 poenam
503 2987 646 3059 legis
691 2984 914 3042 incidat.
967 2984 1171 3039 Eadem
1227 2980 1470 3052 prodest,

56 3104 58 3107 ψ
175 3082 276 3137 quta
325 3066 562 3137 amplius
618 3066 722 3121 hoc
771 3065 938 3121 etiam
975 3060 1174 3125 efficit,
1212 3076 1282 3115 nc
1319 3058 1472 3129 igno-

175 3158 278 3201 rans
299 3146 348 3200 in
377 3153 592 3215 partem
635 3143 770 3214 legis
805 3142 1036 3198 incidat:
1073 3156 1202 3195 cum
1228 3138 1330 3195 boc
1353 3137 1466 3209 ipso

56 3228 60 3267 ἱ
175 3234 260 3281 non
307 3222 550 3281 rideatur
605 3223 734 3294 quis
786 3229 974 3278 contra
1031 3219 1206 3287 legem
1255 3214 1466 3281 fecisse,

175 3305 290 3371 qnod
337 3302 542 3359 factum
601 3300 888 3371 ignorarit.
941 3296 1150 3369 Regula
1205 3295 1468 3366 generalis

175 3388 232 3437 est
264 3380 322 3437 ad
363 3396 560 3437 omnes
601 3380 876 3451 pertinens
911 3385 1030 3435 tum
1057 3389 1322 3448 personas.
1347 3378 1465 3429 tum

174 3473 370 3523 caussas,
409 3460 468 3516 in
510 3475 652 3531 quas
690 3458 806 3513 haec
831 3455 1133 3526 ignorantia
1165 3450 1372 3508 incidit.
1399 3450 1462 3507 ln

171 3532 283 3605 juris
315 3538 625 3611 ignorantia
675 3550 1024 3609 personarum
1075 3528 1342 3611 hundam
1382 3528 1464 3585 di-

56 3590 59 3645 3
171 3615 352 3675 stinctio
389 3626 465 3675 est
485 3660 500 3684 ,
527 3624 592 3673 nt
619 3617 732 3673 haec
757 3620 944 3671 noceat
961 3654 976 3677 ,
1001 3620 1098 3669 aut
1123 3628 1234 3667 non
1259 3615 1464 3665 noceat.

172 3692 225 3749 Et
257 3708 520 3769 receptum
563 3704 670 3756 est.
707 3693 1040 3765 quibusdam
1069 3706 1190 3747 eam
1231 3704 1344 3745 non
1371 3704 1465 3743 no-

171 3784 290 3837 cere,
339 3784 398 3832 ut
451 3774 720 3835 t'oeminis,
775 3768 1110 3833 minoribus,
1161 3766 1462 3829 militibus,

171 3853 375 3920 nsucis,
411 3854 482 3910 de
519 3868 633 3925 qno
671 3856 869 3923 postea.
908 3846 1124 3905 Ceteris
1161 3854 1332 3903 nocet.
1371 3844 1464 3901 Ni-

173 3925 234 3983 hil
267 3934 368 3989 tale
405 3931 466 3989 in
507 3930 816 4003 ignorantia
858 3926 999 3985 sacti.
1037 3926 1170 3989 Haec
1205 3942 1308 3983 nee
1347 3935 1462 3979 ma·-

172 4006 294 4064 rilms
341 4018 532 4073 nocet,
577 4008 832 4083 quamvis
891 4007 1120 4078 majores
1167 4005 1307 4067 sint.
1363 4018 1462 4059 nee

171 4086 366 4155 milites,
414 4098 512 4146 aut
564 4088 749 4146 rustici
809 4086 863 4143 L.
915 4102 1098 4149 mor,
1135 4084 1205 4139 D.
1241 4084 1307 4139 dc
1339 4083 1458 4151 jor.

171 4170 210 4221 a
232 4169 347 4241 [aa.
381 4172 561 4240 ἕρπον.
598 4168 706 4225 Sed
743 4182 846 4223 nec
881 4179 1076 4223 caimae
1125 4162 1216 4218 hic
1269 4158 1461 4218 distin-

231 4330 300 4399 (ι)
329 4332 596 4385 Dissentit
642 4332 824 4399 cajac.
869 4330 923 4382 5.
969 4330 1093 4384 Οόε.
1139 4326 1222 4394 39.
1262 4344 1454 4381 nocere

175 4404 329 4457 putans
345 4439 365 4463 ,
397 4407 452 4449 et
499 4420 607 4453 uon
650 4396 939 4469 prodesse,
971 4410 1081 4445 esse
1120 4391 1328 4443 diversa
1347 4431 1364 4455 ‚
1394 4398 1456 4442 nt

175 4460 342 4515 dasenno
376 4462 596 4535 afficere
619 4503 638 4528 ‚
670 4469 726 4515 et
747 4464 906 4514 lucr-o
939 4480 1048 4513 non
1082 4458 1326 4528 afficere.
1347 4456 1454 4534 Ἰξι-

179 4526 347 4579 [tntum
401 4530 611 4596 quidem
650 4568 670 4591 ,
723 4527 906 4595 inquit
935 4564 952 4587 ,
1008 4542 1199 4577 nocere
1255 4538 1446 4589 accipr-

1547 1726 1660 1782 sm·
1724 1741 1763 1778 a
1816 1725 2050 1792 leuibus,
2118 1739 2240 1794 quo
2295 1730 2615 1794 iquos-ontio
2681 1731 2885 1800 soffro-

1619 1811 1845 1869 aantur.
1880 1808 2073 1872 mnino
2100 1808 2413 1872 ignorantia
2438 1807 2757 1876 excipiatur.
2784 1808 2878 1862 lv.

1551 1881 1929 1948 lates-precatio
1972 1881 2125 1952 Legis
2160 1897 2349 1950 mor,
2386 1883 2441 1940 7.
2482 1883 2539 1942 C.
2578 1885 2647 1940 de
2680 1883 2791 1955 jur.
2825 1894 2879 1945 ct

1633 1960 1756 2016 fact.
1784 1960 2056 2032 ignorant.
2096 1959 2167 2016 V.

1551 2203 1833 2268 guuntur‚
1873 2203 1933 2251 ut
1972 2196 2036 2252 fit
2074 2196 2133 2254 in
2168 2195 2307 2268 juris
2342 2215 2538 2256 errore.
2589 2203 2741 2260 luris
2787 2219 2881 2258 er.-

1551 2291 1677 2340 ror‚
1712 2274 1759 2331 si
1794 2276 2017 2348 quando
2056 2291 2165 2330 non
2196 2285 2381 2342 nocet,
2416 2277 2475 2332 in
2516 2280 2735 2336 damnis
2758 2297 2878 2335 ma-

1551 2354 1703 2408 xime
1752 2357 2024 2424 receptum
2062 2362 2167 2410 est:
2204 2353 2266 2410 in
2305 2358 2639 2428 compendiis
2684 2361 2880 2429 placet,

1551 2447 1662 2490 nun
1720 2434 1979 2501 prodesse.
2016 2434 2071 2488 d.
2112 2433 2173 2488 L.
2212 2439 2392 2490 error:
2416 2436 2491 2491 At
2528 2437 2717 2493 eodem
2742 2438 2877 2494 'loeo

1551 2509 1665 2566 haec
1704 2510 1815 2580 ipsa
1854 2510 2130 2566 distinctio
2170 2509 2234 2579 ln¹
2270 2528 2451 2570 errore
2488 2513 2614 2572 sacti
2642 2531 2879 2572 remove-

1553 2597 1644 2646 tnr
1663 2630 1677 2651 .
1718 2589 2001 2661 placetque
2036 2603 2163 2647 eum
2198 2591 2405 2665 pariter
2440 2602 2497 2649 et
2536 2593 2595 2650 in
2634 2594 2877 2661 damnis,

1553 2677 1606 2723 et
1647 2668 1707 2723 in
1749 2668 2089 2739 compendiis
2128 2685 2239 2744 non
2278 2672 2475 2727 obesse.
2516 2672 2707 2744 ltaque
2740 2690 2877 2731 sem-

1553 2763 1650 2817 per
1688 2746 1959 2811 constitit,
1996 2738 2294 2819 eum,'qui
2340 2748 2649 2808 indebitum
2694 2754 2878 2809 solvis-

1549 2834 1662 2887 set,
1717 2834 1955 2897 repetere
2008 2841 2153 2896 posse
2180 2866 2195 2889 .
2248 2826 2292 2883 si
2346 2844 2443 2899 per
2508 2830 2874 2898 ignorantiam

1553 2902 1681 2959 facti
1720 2904 1985 2966 solvisset.
2022 2902 2085 2959 L.
2121 2908 2169 2960 ss·
2213 2920 2342 2975 per,
2400 2908 2461 2965 L.
2513 2908 2877 2977 fideiconmdsr

1545 2998 1696 3046 sum,
1738 2984 1796 3039 C.
1818 2982 1883 3039 do
1918 2982 2068 3039 cond.
2102 2984 2220 3039 ind.
2256 2982 2389 3055 quia
2430 2985 2523 3042 hic
2560 2987 2629 3042 de
2668 2986 2875 3043 damno

1547 3061 1787 3130 pecuniae
1824 3062 2093 3117 solutione
2130 3060 2337 3118 amissas
2361 3064 2655 3121 laboraret.
2680 3064 2755 3119 At
2784 3082 2875 3135 po-

1543 3137 1652 3195 tuit
1686 3138 1964 3205 dubitari,
1994 3156 2128 3195 num
2168 3140 2435 3211 prodesset
2464 3142 2587 3201 tacti
2624 3141 2875 3213 ignoran-

1544 3221 1621 3275 tia
1659 3218 1723 3273 iu
1760 3218 2121 3289 usucapione.
2158 3218 2290 3289 quia
2330 3219 2587 3293 usucapio
2626 3222 2871 3288 lucrum,

1540 3306 1598 3352 >et
1633 3296 2019 3366 compendium
2060 3292 2227 3359 esset,
2262 3299 2411 3366 quod
2452 3316 2519 3355 ex
2569 3315 2627 3355 re
2664 3298 2870 3365 aliena,

1545 3372 1717 3429 invito
1764 3374 1931 3429 etiam
1984 3374 2235 3437 domino,
2272 3373 2600 3442 faceremus,
2646 3378 2708 3433 in
2758 3396 2871 3451 quo

1541 3468 1640 3507 nec
1666 3450 1925 3509 mutieres
1946 3452 2007 3509 in
2028 3451 2151 3523 iure
2191 3461 2436 3513 errantes
2454 3456 2869 3529 adjuvarentur.

1541 3530 1749 3587 Verum
1789 3538 1841 3585 et
1882 3529 1941 3591 in
1984 3531 2305 3605 usucapione
2352 3542 2557 3596 conam
2572 3576 2589 3600 ‚
2626 3536 2868 3605 prodesse

1543 3608 1667 3665 facti
1709 3609 2073 3679 ignorantiam
2094 3650 2109 3674 ,
2152 3619 2209 3668 ut
2248 3613 2489 3669 maximo
2536 3612 2681 3686 iuris
2718 3614 2869 3684 igno·-

1542 3688 1723 3745 rantia
1762 3686 1819 3743 in
1862 3704 1927 3745 eo
1963 3704 2157 3759 genere
2196 3690 2338 3748 nulli
2366 3692 2555 3763 prosit.
2583 3694 2646 3749 L.
2671 3690 2725 3749 t.
2752 3696 2864 3751 cod.

1537 3770 1619 3822 tit.
1659 3766 1763 3828 Ut,
1784 3766 1829 3823 si
1854 3766 1981 3838 quis
2022 3767 2271 3825 emerita
2302 3770 2541 3841 pupillo,
2564 3786 2729 3841 quem
2770 3788 2867 3840 pu-

1545 3846 1726 3901 berem
1770 3852 1945 3917 putet:
1988 3848 2143 3903 nulla
2168 3854 2247 3905 est
2268 3850 2502 3920 empti03
2524 3858 2611 3913 et,
2644 3849 2689 3907 si
2714 3866 2865 3905 caus-

1537 3940 1652 3979 sam
1706 3933 1934 3995 spectes,
1988 3925 2244 3997 usucapio
2296 3942 2409 3983 non
2476 3928 2751 3998 procedet:
2816 3928 2861 3989 si

1539 4002 1905 4071 ignorantiam
1944 4004 2073 4063 facti
2092 4044 2107 4069 ,
2146 4004 2425 4075 procedet,
2460 4004 2592 4076 quia
2606 4044 2621 4068 ‚
2656 4004 2705 4061 si
2742 4020 2861 4063 vere

1537 4081 1707 4153 pubes
1745 4081 1927 4139 suisset
1964 4083 2243 4145 venditor.
2278 4083 2481 4154 emptio
2526 4082 2861 4141 constitisset.

1535 4160 1608 4217 Et
1647 4160 1847 4231 placet:
1884 4161 2027 4219 hanc
2078 4160 2447 4233 ignorantiam
2496 4160 2723 4233 spectari
2738 4200 2755 4226 ,
2794 4170 2859 4219 ut

1534 4326 1590 4377 id
1625 4332 1707 4375 est
1742 4342 1849 4377 non
1874 4324 2033 4377 afficit
2054 4324 2280 4377 damno:
2306 4342 2415 4375 non
2440 4326 2655 4393 prodest
2682 4334 2855 4379 tamon

1534 4391 1730 4451 etiam,
1769 4390 1885 4457 quia
1918 4392 2111 4440 damno
2145 4408 2249 4441 non
2284 4390 2500 4443 liberat.
2534 4390 2702 4443 Error
2725 4391 2853 4443 facti

1535 4457 1685 4506 lucro
1736 4456 1919 4518 aflicit,
1971 4456 2167 4507 danmo
2227 4457 2443 4508 liberat.
2500 4456 2669 4509 Error
2726 4457 2857 4525 juris

1531 4536 1630 4571 nec
1666 4520 1797 4581 hoc,
1840 4536 1938 4573 nec
1979 4518 2115 4571 illud
2200 4528 2405 4573 roestat:
2450 4530 2637 4574 neuter
2680 4531 2855 4575 autem

179 4591 244 4636 tur
273 4610 359 4658 pm
391 4616 496 4647 aon
529 4598 816 4664 prodesse,
853 4590 922 4643 L.
976 4606 1030 4657 9.
1087 4594 1268 4665 irs-pr.
1313 4590 1368 4639 Ιι.
1401 4600 1444 4638 ι.
1525 4603 1677 4637 error
1710 4586 1901 4637 damno
1934 4584 2116 4637 afficit.
2182 4595 2235 4639 ta
2268 4586 2447 4653 Cujac.
2475 4584 2615 4639 Vide
2645 4590 2695 4641 ai
2728 4602 2855 4641 con-

178 4650 341 4709 Contra
393 4669 564 4711 tamen
611 4662 822 4727 proprie
875 4658 1104 4707 sumitur
1161 4670 1220 4703 m
1280 4657 1344 4704 Ι»,
1399 4668 1446 4719 7.

179 4730 216 4765 et
261 4722 304 4770 8.
353 4728 404 4776 h.
455 4741 497 4776 ι.
555 4725 698 4777 Juris
751 4720 1048 4790 ignorantia
1105 4736 1214 4772 nou
1271 4724 1448 4780 nocet,

455 4822 592 4877 Yam.
637 4820 678 4875 l.

1529 4652 1752 4706 trarium
1786 4648 2006 4705 Robcrt.
2046 4668 2099 4705 α.
2138 4658 2351 4727 Recept.
2384 4658 2531 4709 Lect.
2567 4670 2650 4724 ²7·

2492 4816 2529 4871 7
