3327 5214
195 180 285 245 229
873 174 970 237 DE
1005 172 1192 237 mun
1225 176 1452 239 m’m
1488 177 1628 236 RB.
1666 176 1737 237 Il.
1776 176 1929 239 ΕΜ).
1966 178 2063 239 vt.
2706 176 2831 241 220

195 296 338 353 lerze:
357 298 624 357 egenomm
641 324 657 348 ,
681 296 748 339 ac
771 282 1174 341 miserabilium
1211 282 1419 341 civium

249 446 364 501 vm.
405 440 619 499 Malefici
671 442 734 499 in
773 440 994 497 civitate
1041 446 1098 497 et
1149 438 1248 511 ipsi
1297 456 1398 497 sun

191 521 344 587 bustis:
375 526 672 590 tantumque
695 520 802 577 boc
837 515 1100 575 differunt
1133 534 1166 575 a
1189 518 1427 591 publicis

187 602 400 665 hostibus,
432 598 566 671 quod
597 596 688 660 illi
710 596 920 655 externi
946 603 1074 653 sunt
1115 596 1322 663 hostes,
1364 596 1424 653 bi

183 680 417 738 domestici.
451 678 704 735 Ceterum
743 688 898 747 reque
921 684 976 731 et
1000 674 1058 733 hi
1089 674 1256 732 vitam
1283 674 1428 741 aliis,

179 764 253 817 aut
273 760 386 815 hona
401 766 508 820 ‚am
519 754 972 812 existimationem
989 752 1260 811 auferunt.
1275 754 1422 811 Hinc

180 844 286 894 recte
303 832 636 895 existimatum
661 840 742 893 est
757 874 774 899 ,
796 833 1188 891 maleficiorum
1226 830 1426 890 coerci-

179 916 334 972 tionem
355 915 416 971 ad
445 910 752 985 reipublicoe
796 908 1096 968 utilitatem
1145 910 1430 983 pertinere.

176 992 222 1052 1.
249 995 436 1055 emo.
471 992 526 1061 S.
552 990 696 1063 quoa
719 992 936 1057 illicite,
959 988 1026 1047 D.
1035 987 1308 1061 publicari.
1348 1006 1430 1047 re-

173 1072 366 1129 medium
391 1069 634 1127 videlicet
657 1064 982 1126 conveniens
1015 1069 1165 1124 malo
1205 1068 1428 1141 publico

173 1150 470 1223 reprimendo.
493 1147 586 1205 Sic
615 1148 768 1205 enim
794 1148 1154 1203 emendantur
1172 1183 1188 1211 ,
1209 1147 1308 1219 qui
1337 1149 1428 1203 de·

50 1274 53 1283 ‚
169 1227 428 1299 liquerunt,
449 1234 498 1283 ct
517 1224 700 1284 coeteri
717 1226 860 1281 fiunt
883 1226 1130 1298 ex-plo
1155 1226 1228 1281 ad
1251 1222 1428 1281 delin—

165 1308 396 1377 quendum
419 1306 696 1363 tardiores.
770 1348 779 1355 ,

221 1384 298 1439 lx.
333 1382 464 1441 Lites
479 1424 494 1449 ‚
529 1389 588 1441 et
637 1378 1014 1440 controversiae
1053 1380 1260 1438 civium
1299 1396 1426 1437 con·

162 1461 332 1521 cutiunt
363 1463 722 1535 respublicas.
762 1476 854 1525 ac,
879 1458 984 1517 nisi
1011 1457 1100 1517 bis
1125 1465 1426 1531 opportune

161 1539 406 1597 medium
445 1540 802 1603 adhibeatur,
835 1541 1058 1595 tandem
1093 1537 1426 1609 respublicas

157 1618 285 1673 etiam
318 1618 570 1677 maximas
619 1622 884 1675 evertunt.
925 1618 1072 1675 Bene
1119 1614 1416 1673 Salustius:

159 1695 392 1753 Cmoedin
409 1710 592 1767 pam
617 1714 704 1753 m
729 1703 968 1753 crescunt
983 1736 998 1759 ,
1021 1692 1286 1753 discordia
1301 1712 1416 1751 ma-

155 1779 276 1831 cine
293 1774 608 1833 ἀίιώνιιιην.
632 1776 714 1832 Εο
736 1774 904 1831 etiam
941 1772 1030 1831 via
1051 1772 1234 1831 omnis
1252 1812 1266 1835 .
1303 1786 1416 1846 qua

157 1853 221 1914 lit,
249 1862 302 1910 nt
327 1854 392 1910 sit
427 1854 632 1927 aliquis
671 1852 860 1911 litium
899 1851 1028 1909 linis
1051 1892 1066 1917 ,
1107 1852 1180 1908 ad
1219 1852 1426 1908 bonum

155 1930 386 2003 publicum
409 1941 462 1990 et
477 1930 596 2005 ipsa
611 1932 882 2006 pertinere
895 1928 1260 1989 existimatur.
1269 1930 1428 1999 Quod

152 2008 454 2082 intelligimus
473 2028 542 2069 ex
567 2028 661 2074 eo.
689 2012 842 2083 quod
869 2009 1138 2066 traditum
1167 2016 1246 2065 est
1265 2049 1282 2072 ,
1304 2024 1429 2065 usu-

48 2084 50 2093 '
151 2089 378 2160 cepionem
427 2090 572 2147 bono
616 2088 838 2163 publico
875 2088 1244 2145 introductam
1283 2103 1422 2144 essee

147 2164 194 2223 L
225 2168 264 2223 l.
294 2166 356 2225 1).
387 2167 452 2225 de
503 2184 700 2239 mm.
738 2176 790 2225 et
823 2182 972 2223 me.
1009 2180 1182 2239 quam
1235 2172 1416 2222 tamen

48 2276 50 2325 i
149 2244 252 2300 alibi
269 2247 514 2319 scriptum
541 2256 650 2312 est,
677 2246 802 2303 ideo
821 2245 1168 2301 constitutam
1187 2286 1202 2311 ,
1229 2248 1292 2299 ut
1315 2242 1421 2301 ali·

48 2328 50 2339 ⁵
143 2324 238 2393 quis
269 2324 434 2384 litium
475 2326 610 2383 finis
649 2334 798 2383 emet.
837 2322 900 2379 L.
937 2327 1038 2381 ult.
1075 2324 1140 2379 D.
1169 2339 1276 2393 pro
1307 2340 1420 2381 suo.

144 2400 306 2474 Nempe
325 2414 407 2469 ut,
431 2403 520 2463 his
541 2404 876 2477 conjunctis,
899 2402 1186 2467 sciremus,
1214 2404 1418 2459 bonum

46 2464 50 2541 ἶ
144 2472 250 2537 illud
269 2484 538 2553 publicum
579 2483 828 2555 superius
865 2482 926 2539 in
969 2482 1070 2538 boc
1106 2481 1270 2537 litum
1307 2482 1418 2539 line

46 2985 53 3112 l

46 3223 49 3276 Ξ

145 2561 318 2620 versari.

195 2638 252 2695 X.
283 2642 585 2714 Egenorum
607 2682 623 2703 .
650 2647 704 2698 et
733 2639 1131 2698 miserabilium
1171 2654 1418 2711 persona·

137 2727 228 2773 mm
251 2722 512 2790 neglectus
537 2721 708 2780 etiam
742 2718 1190 2778 imminutionem
1225 2716 1416 2774 civita-

135 2801 406 2856 umsecnm
429 2801 758 2873 adjunctam
799 2797 979 2856 babet.
1019 2795 1162 2854 Nam
1205 2795 1262 2852 hi
1304 2797 1418 2866 ple·-

135 2885 322 2948 flmque
356 2894 558 2952 magna
597 2893 724 2950 pars
745 2883 872 2935 sunt
897 2874 1144 2933 civitatis.
1167 2875 1414 2944 Quorum

133 2963 214 3008 mn
246 2954 353 3012 ideo
389 2975 520 3014 cura
561 2956 874 3029 abjicienda
913 2961 1014 3019 est,
1053 2953 1186 3025 quia
1229 2965 1418 3010 tenues

132 3040 249 3096 nt,
269 3049 358 3090 uec
381 3033 600 3094 faciunt
637 3037 708 3092 ad
735 3033 1077 3106 splendorem
1103 3041 1414 3089 externum:

129 3107 214 3165 ino
231 3117 368 3170 tanto
405 3115 586 3187 magis
623 3111 978 3176 sublevandi,
1003 3117 1214 3183 quanto
1249 3110 1412 3167 auxi-

129 3185 208 3273 }io.
227 3199 274 3246 ct
291 3191 762 3251 commiseratione
776 3192 984 3263 majore
1011 3189 1274 3260 indigent.
1285 3189 1410 3257 Quo

129 3279 172 3320 ιιι
191 3284 392 3326 numero
415 3279 545 3328 sunt
568 3286 684 3328 non
721 3274 934 3328 teritum
975 3269 1194 3340 inopes,
1230 3273 1284 3324 et
1319 3284 1412 3322 va·-

127 3341 422 3414 letudinarii,
448 3351 666 3424 quique
701 3347 904 3406 victum
947 3347 1134 3404 labore
1169 3360 1412 3419 quaerere

128 3435 208 3479 Μ
241 3436 482 3497 possunt:
506 3431 600 3487 sed
628 3427 794 3486 etiam
821 3428 918 3498 qui
945 3425 1156 3496 alioqui
1185 3441 1242 3481 re
1266 3422 1406 3481 divi-

125 3503 198 3564 le.
225 3513 430 3578 propter
469 3510 729 3565 morbum
769 3506 852 3562 vel
893 3503 1115 3570 mentis,
1165 3505 1248 3560 vel
1287 3519 1406 3560 cor-

46 3621 48 3650 1
127 3581 231 3648 puris
263 3599 314 3642 se
349 3596 404 3642 et
428 3595 532 3644 sua
557 3585 696 3643 tueri
721 3601 832 3642 non
861 3589 1107 3658 possunt,
1133 3589 1196 3639 ut
1221 3582 1404 3656 pupil-

46 3669 48 3672 ’
125 3655 174 3723 11'.
203 3663 554 3724 adolescentes
573 3705 590 3732 ‚
615 3663 832 3728 furiosi,
858 3663 1069 3736 prodigi
1085 3703 1100 3728 ,
1121 3671 1301 3720 mente
1317 3677 1405 3717 ca-

127 3738 202 3804 pi,
229 3742 388 3806 muti,
423 3742 610 3810 surdi,
651 3741 798 3802 ceci.
833 3743 1202 3811 Quamobrem
1246 3741 1306 3798 in
1349 3759 1408 3796 o—

127 3817 296 3876 mibus
333 3821 474 3878 bene
515 3822 816 3880 constitutis
852 3821 1162 3878 civitatibus
1205 3821 1402 3876 horum

47 3957 49 3960 Α
123 3898 306 3955 mxime
343 3901 486 3958 ratio
525 3897 712 3957 habita
751 3905 847 3956 est.
885 3899 1034 3956 Hinc
1059 3899 1398 3962 nosocomia,

46 4007 48 4036 :
126 3975 480 4050 lloebotrophia
501 4019 517 4043 ,
565 3978 1051 4052 orphanotrophia,
1101 3983 1152 4033 et
1191 3977 1400 4034 similia

125 4043 226 4118 hm,
255 4071 372 4126 quae
413 4063 678 4117 notantur
717 4057 778 4114 in
812 4055 1164 4129 inscriptione
1198 4058 1299 4113 Tit.
1340 4059 1397 4115 C.

125 4127 166 4180 ⁶²
193 4131 352 4201 Brix-
389 4142 446 4192 ee
481 4137 656 4194 derce.
697 4143 748 4192 et
783 4139 844 4192 en
887 4135 946 4192 n
983 4135 1082 4192 ωιε.
1127 4135 1186 4192 c,
1211 4137 1274 4192 ae
1314 4151 1401 4192 sa-

125 4219 172 4258 v·
196 4209 328 4268 seez.
351 4209 508 4270 Hinc
533 4217 734 4280 tutelae,
775 4222 830 4270 et
863 4229 1004 4270 curae
1029 4214 1402 4285 superioribus

46 4281 48 4334 ἒ
125 4289 311 4351 mis
345 4291 475 4363 jure
519 4293 736 4364 publico
781 4293 1112 4350 constitutaet
1153 4307 1276 4363 quae
1315 4293 1404 4348 in·-

125 4363 176 4416 h·
197 4380 404 4424 munera
451 4370 674 4442 publica
717 4372 1002 4429 habentur.
1031 4371 1158 4428 lust.
1185 4373 1248 4428 de
1287 4385 1400 4426 exre.

121 4443 185 4495 ¹¹1-
218 4445 272 4502 1..
311 4447 362 4504 1.
399 4449 463 4522 S.
505 4465 672 4521 eque,
711 4449 775 4507 1).
811 4450 876 4506 ae.
913 4458 1130 4506 ψηφιεῖ
1153 4449 1272 4505 hon.
1309 4449 1402 4506 ln-

120 4519 410 4609 ?fljgamm,
439 4526 542 4582 ista
565 4543 780 4600 quoque
805 4537 1016 4602 partem
1041 4527 1322 4593 utilitatis,
1343 4533 1398 4584 et

46 4609 48 4612 ’
113 4607 217 4664 ltus
247 4603 456 4674 publici
489 4605 748 4664 obtinere.

165 4675 250 4734 Xl.
287 4681 416 4739 Hinc
459 4681 574 4753 ipsa
622 4685 668 4744 si
717 4700 812 4756 per
863 4702 920 4742 se
971 4699 1292 4757 procurare,
1341 4689 1394 4740 ct

113 4751 448 4817 administrare
483 4773 652 4832 posset
673 4763 894 4828 civitas,
919 4781 1028 4820 non
1056 4763 1398 4837 progredere-

1499 280 2229 355 murlongiustsedstnlim
2272 280 2603 349 diceremus,
2642 284 2703 341 in
2748 288 2831 345 bis

1501 360 1630 434 ipsis
1669 362 1799 422 solis
1820 358 1911 434 ins
1944 362 2231 435 publicum
2274 363 2512 421 versari.
2540 363 2701 421 Nunc
2736 381 2833 419 an-

1503 448 1610 497 tem
1635 438 1879 499 civitatis
1904 458 2015 498 non
2038 458 2101 498 ea
2128 458 2353 515 persona
2376 446 2485 508 est,
2510 454 2634 513 quae
2670 444 2834 513 quid-

1503 534 1673 591 quam
1724 534 1911 590 gerere
1946 519 2113 593 possit
2150 520 2209 577 in
2250 520 2427 577 rebus.
2480 518 2695 577 Alienis
2734 538 2833 577 au-

1505 597 1656 653 xiliis
1682 599 1749 653 ad
1776 616 1897 657 mm
1938 614 2053 655 rem
2094 614 2230 671 opus
2268 604 2361 655 est.
2399 596 2721 655 Etomnino
2750 600 2831 655 ita

1506 682 1590 733 res
1627 675 1809 733 habet.
1856 678 1947 735 Ad
2001 676 2305 749 superiores
2354 694 2437 735 res
2476 682 2615 734 recte
2654 677 2833 735 admi-

1499 753 1811 812 nistrandas
1838 753 2257 820 defensoribus,
2298 772 2359 812 ac
2398 755 2713 828 reipublicae
2736 772 2831 813 cu-

1502 829 1777 891 ratoribus
1816 848 1951 907 opus
1990 842 2092 900 est,
2140 842 2195 891 et
2244 836 2405 892 rebus
2452 835 2522 891 ad
2580 850 2701 891 eam
2740 835 2834 891 dc-

1507 910 1807 971 l'ensionem
1828 956 1843 979 ‚
1894 910 2437 986 procurationemque
2486 911 2713 969 idoneis.
2761 914 2830 969 ln

1503 988 1709 1062 quibus
1746 992 1959 1049 duobus
1984 990 2227 1050 consistit
2252 992 2397 1049 salus
2415 1035 2428 1057 ,
2451 1000 2501 1048 et
2540 991 2832 1048 incolumi·

1505 1074 1588 1127 tas
1623 1067 1935 1127 civitatumt
1974 1086 2145 1144 eoque
2184 1072 2337 1127 nulla
2377 1078 2453 1127 est
2494 1069 2829 1142 respublica,

1503 1160 1626 1218 quae
1680 1146 1769 1205 his
1824 1150 2037 1207 duobus
2096 1156 2289 1207 careat.
2350 1150 2665 1207 Defensores
2703 1153 2830 1205 sunt

1501 1224 1874 1296 magistratus,
1912 1234 1964 1285 et
2005 1227 2269 1301 praefecti,
2290 1228 2493 1301 quibus
2518 1226 2829 1298 reipublice

1501 1318 1636 1360 cura
1661 1305 1723 1361 in
1751 1305 1941 1380 aliqua
1967 1318 2119 1379 parte
2142 1308 2432 1365 commissa
2466 1312 2558 1364 est.
2582 1306 2828 1373 Quorum

1504 1382 1618 1440 baec
1633 1380 1719 1443 vis
1730 1390 1826 1452 cst,
1840 1390 1902 1441 ut
1925 1385 2171 1459 praesint:
2185 1400 2309 1459 quoe
2324 1384 2669 1443 incommoda
2684 1392 2829 1449 sunt,

1503 1462 1791 1534 prudentia
1806 1480 1937 1537 prov
1944 1464 2091 1521 idere
2106 1464 2311 1537 possint
2322 1506 2339 1529 ,
2362 1462 2677 1536 propulsare
2702 1478 2831 1517 con-

1498 1540 1652 1606 silio,
1680 1542 2005 1617 diligentia,
2030 1543 2267 1609 viribus,
2304 1543 2360 1600 id
2386 1548 2463 1598 est
2498 1538 2599 1612 qui
2640 1556 2826 1613 pacem

1495 1620 1775 1691 publicam
1816 1622 1985 1685 tueri.
2022 1622 2165 1679 cives
2206 1620 2265 1679 in
2302 1618 2481 1677 officio
2520 1620 2795 1675 continere
2812 1658 2828 1683 ,

1494 1698 1767 1756 maleficia
1794 1714 1895 1772 pro
1918 1700 2149 1772 imperio
2173 1714 2443 1763 coercere,
2466 1696 2679 1755 civibus
2700 1696 2825 1769 jura

1493 1778 1744 1843 reddere,
1788 1780 1859 1835 ad
1899 1793 2129 1836 munera
2166 1777 2491 1851 capessenda
2514 1790 2705 1847 cogere
2744 1774 2829 1831 in-

1507 1856 1645 1913 vitos
1682 1853 1901 1929 possint.
1926 1856 2075 1915 Hinc
2098 1857 2301 1915 scilicet
2324 1860 2377 1913 et
2410 1855 2470 1911 in
2498 1853 2827 1926 magistrati-

1509 1934 1612 1991 bus
1632 1936 1725 2011 jus
1748 1936 2029 2007 publicum
2054 1936 2343 1995 consistere
2364 1933 2583 1991 dicitur.
2604 1934 2659 1989 d.
2687 1932 2747 1989 L.
2776 1933 2827 1989 1.

1508 2012 1566 2085 S.
1607 2012 1662 2070 2.
1702 2014 1772 2070 D.
1794 2016 1859 2071 ds
1878 2017 2013 2084 Just.
2039 2023 2090 2071 et
2102 2019 2222 2088 jur.
2255 2013 2326 2071 Et
2346 2010 2559 2070 merito.
2582 2012 2753 2077 Nam,
2778 2011 2825 2067 si
2848 2026 2857 2039 ⁸

1502 2090 1561 2146 hi
1600 2097 1765 2157 sunt,
1787 2107 1925 2165 quos
1949 2093 2093 2159 dixi,
2114 2095 2191 2149 ‘fit
2228 2092 2377 2165 quod
2412 2093 2480 2147 de
2506 2091 2593 2147 bis
2632 2088 2821 2147 Cicero

1495 2170 1689 2227 scribit
1716 2172 1775 2227 in
1800 2170 2069 2245 principio
2098 2170 2244 2229 Lien·
2282 2170 2337 2227 3.
2372 2169 2437 2227 ds
2478 2164 2733 2240 lembus,
2760 2176 2825 2223 ut

1497 2246 1618 2304 ideo
1643 2248 2049 2321 magistratibus
2073 2266 2209 2323 opus
2228 2248 2301 2307 sit
2314 2248 2473 2321 ,quia
2490 2246 2609 2303 sine
2624 2247 2821 2303 horum

1497 2327 1813 2398 prudentia.
1830 2334 1883 2385 ct
1922 2326 2207 2399 diligentia
2232 2344 2343 2386 esse
2366 2326 2561 2384 civitas
2575 2342 2687 2381 non
2704 2342 2825 2398 pos-

1493 2404 1564 2461 sit
1590 2424 1604 2461 :
1655 2422 1897 2479 quornm
1940 2406 2176 2480 denique
2230 2404 2587 2479 descriptione
2638 2404 2823 2461 omnis

1495 2484 1809 2556 reipublice
1823 2486 2121 2543 moderatio
2132 2486 2489 2543 contineatur.
2500 2484 2637 2540 Sunt
2652 2479 2819 2547 enim,

1497 2578 1592 2636 per
1627 2580 1765 2636 qnos
1804 2580 1889 2622 res
1912 2562 2201 2623 militaris:
2226 2570 2355 2624 sunt
2374 2568 2429 2620 et
2452 2578 2549 2636 per
2570 2576 2708 2635 quos
2734 2576 2821 2622 res

1495 2643 1723 2700 urbanae
1736 2685 1751 2710 ,
1804 2647 1859 2699 et
1909 2642 2099 2701 civiles
2148 2641 2296 2701 domi
2354 2641 2819 2699 administrentur.

1492 2720 1739 2788 Quorum
1788 2722 2027 2779 maxime
2076 2739 2279 2780 munus
2316 2727 2397 2780 est
2436 2721 2495 2780 in
2534 2719 2821 2778 maleficiis

1491 2797 1925 2872 compescendis,
1962 2802 2405 2873 coercendisque:
2432 2801 2495 2856 L.
2534 2798 2589 2854 3.
2614 2799 2677 2856 L.
2698 2816 2819 2856 οοιι·

1487 2881 1671 2947 queit,
1710 2880 1780 2936 D.
1816 2881 1881 2936 dc
1918 2883 2179 2953 offiproes.
2204 2879 2263 2936 in
2289 2881 2413 2953 jure
2437 2878 2711 2934 reddendo
2750 2877 2819 2934 de

1493 2955 1656 3012 nebus
1680 2963 1733 3013 et
1756 2958 2133 3015 controversiis
2168 2958 2401 3015 civiumt
2442 2957 2506 3013 L.
2546 2957 2601 3012 2.
2636 2956 2696 3028 s.
2732 2971 2819 3011 eo-

1491 3033 1612 3090 dem
1635 3041 1890 3107 temore,
1928 3037 1989 3111 s.
2018 3043 2139 3107 poet
2174 3039 2435 3107 ovi-iqisem
2474 3034 2537 3090 D.
2574 3035 2641 3090 de
2676 3037 2816 3104 ona.

1475 3116 1598 3185 jur.
1625 3113 1685 3170 in
1710 3116 1879 3172 tutela
1896 3157 1911 3181 ,
1938 3121 1991 3171 et
2014 3128 2147 3172 cura
2160 3114 2423 3186 exigenda
2440 3129 2629 3169 eonrm
2646 3128 2817 3185 ‚quos

1487 3191 1721 3263 publicae
1746 3211 1889 3251 curae
1912 3192 2223 3250 commissos
2238 3190 2495 3249 diximus.
2518 3191 2625 3247 Sed
2638 3190 2817 3262 quod-

1487 3286 1618 3326 nam
1643 3271 1715 3327 sit
1739 3273 1807 3329 de
1832 3270 1919 3328 bis
1940 3271 2031 3344 jus
2054 3269 2477 3342 publicummbi
2496 3270 2639 3326 deco
2664 3285 2815 3342 quae-

1488 3349 1721 3406 rendum
1741 3391 1755 3416 ,
1794 3357 1849 3407 et
1888 3350 2159 3422 agendum
2196 3348 2301 3416 sit,
2348 3349 2515 3422 paulo
2560 3351 2679 3420 post
2727 3347 2813 3405 iu-

1483 3425 1813 3486 dicabimus.

1465 3511 1484 3528 ‘
1557 3505 1687 3562 xil.
1729 3507 1799 3564 Ut
1836 3508 1946 3566 sint
1982 3507 2325 3579 magistratus
2352 3505 2591 3563 maxime
2618 3505 2809 3562 idonei

1481 3599 1752 3656 perquos
1792 3587 2187 3660 rempublicam
2228 3586 2507 3658 procurari
2548 3585 2809 3641 velimus:

1481 3670 1665 3718 tamen
1716 3681 1891 3738 neque
1946 3681 2039 3738 per
2077 3681 2164 3721 eos
2216 3664 2359 3720 bella
2402 3663 2801 3730 administrari,

1485 3758 1665 3812 neque
1688 3759 1772 3800 res
1808 3744 2025 3807 civiles,
2064 3747 2117 3799 et
2156 3743 2375 3816 politica
2418 3743 2565 3814 geri,
2602 3743 2695 3800 sed
2740 3759 2809 3798 ne

1483 3817 1827 3891 magistratus
1876 3819 2097 3895 quidem
2156 3819 2257 3894 ipsi
2317 3821 2503 3878 baberi
2558 3827 2808 3894 possunt,

1478 3898 1586 3956 nisi
1627 3899 1739 3956 sint
1780 3917 1862 3957 res
1900 3907 2241 3972 opportunae,
2280 3916 2401 3972 quae
2442 3901 2513 3956 ad
2550 3916 2670 3956 eam
2714 3901 2808 3954 ad-

1477 3977 1931 4036 ministrationem
1972 3978 2269 4045 sufficiant,
2292 3995 2419 4036 cum
2460 3980 2531 4034 ad
2554 3986 2806 4048 sumptus
2910 3975 2922 3990 ’

1479 4056 1564 4114 bis
1604 4058 1767 4115 rebus
1806 4057 2057 4130 gerendis
2083 4056 2437 4122 necessarios.
2462 4061 2578 4111 tum
2616 4055 2687 4110 ad
2712 4056 2807 4110 ad-

1481 4135 1757 4193 ministros
1780 4153 1971 4192 earum
2000 4151 2211 4200 rerum,
2239 4141 2291 4191 et
2316 4151 2541 4206 operum
2570 4133 2805 4192 idoneos.

1475 4214 1608 4282 Quae
1647 4215 1693 4272 si
1734 4217 1803 4271 ad
1844 4220 2043 4271 statum
2084 4213 2397 4286 reipublicae
2452 4229 2563 4267 non
2614 4211 2805 4272 minus

1475 4293 1771 4366 pertinent:
1796 4293 1915 4349 sine
1940 4292 2109 4348 dubio
2126 4300 2179 4348 et
2205 4294 2262 4348 in
2290 4290 2377 4347 bis
2398 4291 2489 4362 jus
2514 4287 2800 4362 publicum

1473 4369 1761 4428 consistere
1798 4371 2102 4444 putandum
2142 4379 2236 4428 est.
2284 4370 2389 4425 Sed
2432 4369 2551 4426 ideo
2590 4367 2803 4426 videtur

1477 4447 1576 4506 bas
1613 4465 1699 4506 τω
1722 4447 1965 4506 omisisse
2008 4447 2308 4522 Ulpianus.
2345 4465 2471 4504 cum
2513 4463 2595 4503 res
2634 4446 2799 4520 huius

1474 4527 1687 4602 generis
1724 4533 2097 4594 enumeraret,
2134 4528 2264 4599 quia
2284 4567 2301 4590 ,
2325 4527 2644 4598 magistratu
2672 4542 2799 4582 con-

1473 4607 1687 4672 stituto,
1726 4611 1896 4664 essent
1936 4607 2049 4664 illie
2088 4605 2147 4662 in
2196 4622 2395 4670 manu,
2442 4610 2497 4660 et
2546 4609 2797 4678 potestate

1475 4685 1839 4752 magistratus.
1881 4685 2099 4742 Rectius
2137 4691 2319 4742 tamen
2370 4683 2462 4749 fit,
2510 4683 2557 4742 si
2598 4701 2679 4742 res
2716 4684 2795 4742 ci-
2826 4740 2836 4750 ‚

1473 4763 1658 4822 vitatis
1696 4780 1727 4819 a
1756 4763 1993 4836 personis
2014 4764 2191 4821 citatis
2214 4761 2625 4834 distinguamus.
2650 4762 2794 4822 Nam
