3327 5214
496 125 613 183 223
1317 128 1642 187 nunoms
1685 128 1999 187 nexem
2038 130 2415 190 comm-rr,
2690 160 2697 167 -
2814 110 2859 191 j·.
3058 136 3151 197 εει

493 232 624 305 publ
633 231 725 289 icae
777 231 1063 303 pendatur.
1113 232 1279 299 Quod·
1326 248 1437 289 non
1491 234 1644 289 fieret
1661 274 1677 299 ‚
1716 233 1825 291 nisi

495 311 660 383 hujus
700 310 804 367 soli
841 312 1000 382 quasi
1042 310 1265 368 domina
1289 309 1481 368 civitas
1520 310 1828 369 haberetur.

493 394 550 448 d.
575 390 636 445 L.
663 389 716 447 2.
743 390 802 462 S.
825 394 875 444 ει·
911 392 1066 461 quis,
1102 391 1306 445 nemine
1324 429 1339 453 ‚
1361 406 1426 447 ne
1463 392 1598 461 qnid
1639 393 1699 447 in
1727 393 1823 449 loc.

483 469 639 540 publ.
663 468 846 525 Etiam
874 470 990 523 loca
1017 484 1164 524 sacra
1193 484 1316 524 vere
1341 468 1562 541 publica
1587 476 1745 543 sunt,
1771 475 1825 525 et

497 547 556 607 in
585 564 684 603 usu
708 545 962 618 publico,
983 546 1084 605 etsi
1109 561 1292 609 sacro,
1318 564 1428 603 non
1457 546 1703 623 profane.
1716 550 1822 605 Sed

496 627 598 683 hoc
623 625 860 697 amplius
885 624 946 681 in
985 623 1072 681 his
1110 634 1385 691 servatur,
1409 627 1590 697 quod,
1615 626 1660 683 si
1696 626 1823 699 quis

493 704 634 775 quid
662 704 719 759 in
762 702 847 757 his
885 704 1149 773 posuerit:
1192 705 1384 759 tollere
1417 704 1671 776 jubetur,
1710 706 1823 763 sive

494 783 696 839 officiat
721 782 779 838 id
805 782 1027 853 publico
1052 781 1205 846 usui,
1228 781 1340 837 sive
1363 800 1476 839 non
1503 782 1723 840 officiat.
1750 782 1821 841 Et

497 861 598 918 hoe
622 866 837 933 propter
875 858 1212 933 religionem.
1237 862 1290 917 d.
1316 861 1375 933 S.
1399 864 1446 917 si
1469 864 1592 932 quis
1608 902 1623 927 ,
1647 866 1820 919 nemi·-

493 956 576 997 ne.
598 943 659 995 in
683 940 776 1010 fin.
1726 952 1729 955 ’

572 1019 730 1075 xm.
753 1020 893 1075 Sunt
927 1034 1058 1090 ergo
1095 1024 1149 1072 et
1187 1016 1463 1089 superiora
1503 1019 1574 1074 ad
1612 1025 1815 1077 statum

495 1097 729 1155 civitatis
753 1097 1182 1170 pertinentiam
1207 1102 1482 1169 quatenus
1504 1096 1636 1153 talia
1663 1105 1815 1163 sunt,

498 1177 568 1233 de
606 1176 694 1233 his
724 1176 813 1248 jus
848 1176 1206 1233 constitutum
1248 1174 1531 1247 publicum
1555 1194 1691 1241 oese,
1732 1194 1827 1235 ne-

495 1271 636 1313 cesse
660 1264 755 1312 est.
783 1254 892 1311 Cur
919 1254 1090 1325 igitur
1103 1255 1174 1309 ab
1205 1254 1438 1323 Ulpiano
1468 1255 1822 1325 praetermissa

495 1335 596 1405 qui
629 1335 718 1407 jus
759 1333 1040 1407 publicum
1069 1334 1125 1399 in
1156 1331 1242 1391 his
1267 1337 1482 1389 tantum
1509 1331 1685 1390 tribus
1724 1351 1817 1405 po·

495 1411 606 1471 suit
621 1452 640 1477 ,
659 1412 826 1470 enoris
844 1454 858 1476 ‚
881 1412 1250 1469 sacerdotibus
1265 1452 1280 1475 ‚
1304 1419 1359 1468 et
1385 1412 1815 1483 magistratibus?

495 1492 552 1547 d.
583 1492 638 1549 L.
669 1492 718 1547 1.
743 1492 802 1565 S.
829 1494 886 1548 2.
912 1493 977 1547 de
1007 1495 1142 1564 just.
1179 1498 1228 1547 et
1260 1493 1380 1561 jur.
1420 1492 1685 1563 Apparet,
1724 1491 1818 1547 Ul·-

497 1570 725 1641 pianum
755 1571 956 1642 publici
983 1571 1143 1625 verbo
1189 1570 1246 1626 id
1289 1568 1572 1641 publicum
1601 1569 1818 1625 intelle-

499 1648 676 1714 xisse,
711 1650 859 1720 quod
899 1649 1077 1705 solum
1119 1648 1404 1722 publicum
1446 1659 1603 1713 esset,
1644 1649 1703 1706 id
1744 1652 1823 1705 est

445 1745 453 1751 ·
497 1729 646 1798 qnod
671 1729 740 1783 ad
767 1728 1004 1785 civitatis
1031 1727 1326 1783 utilitatem
1355 1732 1570 1783 tantum
1587 1727 1822 1799 pertine-

499 1813 610 1872 ret,
649 1806 862 1863 nullam
906 1805 1174 1878 privatam
1193 1846 1208 1871 ,
1234 1804 1339 1861 nisi
1367 1820 1463 1876 per
1487 1821 1821 1879 consequen-

501 1884 653 1943 tiam.
680 1884 861 1956 Hujus
885 1884 1034 1943 enim
1059 1885 1270 1954 generis
1294 1888 1424 1940 sunt
1450 1884 1548 1940 illa
1579 1886 1685 1941 tria
1704 1925 1718 1948 ,
1745 1901 1828 1941 sa-

497 1964 770 2027 cerdotes,
791 1978 974 2039 saera,
1013 1964 1368 2033 magistratus.
1407 1962 1697 2033 Superiora
1727 1964 1827 2021 illa

501 2043 643 2105 duo,
673 2040 982 2115 propagatio
1005 2042 1234 2107 sobolis,
1263 2042 1394 2099 item
1431 2041 1544 2097 loca
1587 2042 1828 2115 publica,

501 2136 614 2175 non
650 2127 779 2177 sunt
808 2122 864 2177 in
894 2120 996 2177 hoc
1022 2137 1244 2190 genere,
1283 2138 1406 2192 quae
1434 2121 1508 2176 ita
1551 2120 1825 2193 pertinent

501 2199 572 2255 ad
607 2200 906 2267 utilitatem
947 2200 1214 2266 civitatis,
1257 2207 1320 2256 ut
1351 2216 1420 2255 ex
1461 2210 1614 2271 parte
1655 2199 1827 2257 eonti-

501 2285 668 2335 neant
691 2280 860 2335 etiam
885 2278 1188 2335 utilitatem
1205 2278 1556 2351 privatorum.
1571 2282 1826 2337 Procrea-

505 2356 583 2413 tio
608 2358 908 2417 liberorum
925 2400 942 2423 ‚
979 2364 1249 2429 quatenus
1275 2366 1531 2430 propagat
1555 2376 1727 2431 genus
1753 2358 1828 2415 ci-

501 2437 684 2499 vium,
722 2443 776 2493 et
803 2438 974 2508 replet
997 2437 1184 2493 liberis
1218 2436 1527 2502 civitatem,
1553 2439 1726 2511 ipsam
1754 2436 1827 2493 ci-

501 2514 725 2571 vitatem
753 2517 900 2572 velut
923 2516 1234 2583 constituit,
1260 2517 1486 2590 ejusque
1529 2518 1823 2575 utilitatem

505 2611 570 2651 ac
606 2600 808 2654 statum
833 2592 1090 2653 continet.
1112 2597 1189 2653 At
1213 2602 1484 2668 quatenus
1523 2598 1829 2670 gignuntur

501 2682 558 2728 et
593 2673 756 2731 liberi
797 2674 1143 2746 parentibus,
1166 2675 1364 2732 horum
1391 2675 1452 2732 in
1477 2684 1734 2749 potestate
1764 2676 1830 2732 li-

501 2751 622 2809 beri
669 2759 798 2811 sunt
811 2793 827 2820 ,
876 2753 964 2810 his
1012 2754 1176 2813 liberi
1227 2769 1414 2828 parere
1456 2757 1679 2814 debent:
1731 2772 1829 2830 per

1908 233 2111 293 liberos
2134 236 2235 293 hoe
2260 246 2505 308 parentes
2516 246 2931 309 consequuntur,
2956 251 3007 299 ut
3031 245 3156 313 longa

1906 314 2275 385 procreatione
2314 332 2379 371 ex
2420 316 2568 387 prole
2620 334 2805 377 eorum
2844 319 3159 381 diuturnitatis

1902 392 2225 449 memoriam
2253 392 2359 451 sibi
2388 393 2447 449 in
2470 408 2647 449 aevum
2674 394 2997 467 relinquant,
3032 409 3083 455 ut
3103 410 3163 457 «et

1902 470 1961 527 in
1991 470 2051 527 L.
2078 471 2366 527 liberorum
2382 510 2397 534 ,
2433 475 2494 527 in
2505 472 2565 542 fi.
2594 472 2665 533 D.
2690 475 2753 529 do
2777 474 2907 531 verb.
2925 480 3048 547 siqn-
3070 480 3164 535 Hae

1900 556 2055 619 parte
2080 547 2378 606 liberorum
2396 550 2690 621 procreatio
2705 549 2866 609 etiam
2881 554 3164 625 privatorum

1872 626 2193 699 =utilitatem
2247 626 2517 693 continet,
2564 636 2619 685 et
2672 630 2775 686 hae
2824 643 2961 703 parte
3006 634 3167 704 privati

1894 704 2033 776 juris
2056 710 2153 763 oet.
2180 707 2289 763 Sed
2318 724 2430 763 non
2460 706 2579 763 ideo
2608 706 2791 765 minus
2827 710 3097 781 gignuntur
3126 723 3169 771 et

1896 784 1956 841 hi
1983 783 2329 857 reipublicae,
2356 790 2411 841 et
2434 785 2624 857 patriae
2648 803 2757 845 suae
2782 790 2853 845 ad
2866 805 2976 845 eam
3002 790 3171 847 utilita-

1896 870 2049 928 tem,
2074 880 2242 935 quam
2271 864 2532 919 diximus.
2572 865 2883 939 Verumque
2917 877 2989 923 est
3024 867 3167 932 illud,

1894 943 2043 1013 quod
2083 958 2151 998 ex
2196 942 2421 999 Platone
2453 942 2745 1013 usurpavit
2788 944 2961 1001 Cicero
3002 946 3099 1001 Lib.
3136 948 3174 1012 l,

1895 1021 2033 1091 Offic.
2060 1025 2211 1077 ortus
2236 1020 2463 1091 quidem
2490 1019 2659 1077 nostri
2700 1030 2905 1093 partem
2944 1023 3175 1081 vindicare

1892 1108 2157 1169 parentes,
2172 1109 2379 1170 partem
2394 1098 2733 1157 amieoszsed
2752 1108 2951 1173 partem
2969 1102 3176 1173 patriam

1902 1178 2053 1235 etita
2071 1177 2335 1249 patriam,
2356 1184 2413 1233 ut
2429 1175 2673 1249 primum
2708 1179 2887 1235 locum
2914 1179 2999 1235 hic
3025 1182 3179 1252 patria

1902 1256 2126 1313 tribuat.
2154 1254 2245 1311 Sic
2275 1256 2427 1313 enim
2454 1254 2676 1312 scribit:
2706 1256 2817 1315 Sea
2838 1262 3103 1329 quoniam,
3134 1266 3179 1315 nt

1882 1337 2143 1405 proclam
2168 1338 2423 1405 scriptum
2448 1341 2573 1391 esta
2604 1336 2846 1399 Platone,
2870 1337 3180 1395 noanobfuo-
3280 1348 3282 1357 ·

1894 1415 2009 1469 lum
2024 1416 2142 1469 nati
2154 1429 2353 1479 sumus,
2368 1420 2615 1485 urnisque
2632 1419 2799 1471 nostri
2810 1422 3011 1485 partam
3027 1420 3183 1485 patria

1891 1494 2148 1559 vindieat,
2174 1499 2385 1561 partem
2400 1497 2655 1563 parentes
2674 1533 2689 1557 ,
2706 1501 2919 1563 partem
2946 1497 3085 1549 antici
3100 1536 3113 1559 ,
3142 1502 3182 1549 et
3280 1558 3282 1567 Ι

1892 1586 2017 1642 quae
2058 1577 2385 1642 sequuntur.
2445 1570 2513 1626 In
2555 1571 2689 1627 loeis
2730 1588 2948 1645 quoque
2990 1572 3185 1645 publicis
3279 1576 3282 1627 :

1900 1665 2029 1705 usus
2053 1651 2390 1720 privatorum
2416 1657 2495 1705 αεὶ
2512 1689 2528 1713 ,
2552 1650 2783 1721 proinde
2808 1661 2862 1709 et
2884 1650 3185 1723 singulorum

1899 1726 2195 1785 utilitatem
2223 1726 2483 1785 continet.
2506 1729 2615 1785 Sed
2642 1736 2694 1785 et
2712 1728 2771 1785 in
2791 1730 2877 1787 his
2904 1746 3006 1786 non
3032 1730 3185 1786 miuus

1892 1804 1981 1876 jus
2002 1806 2103 1863 soli
2130 1805 2369 1864 civitatis
2391 1814 2470 1863 est
2488 1848 2502 1871 ,
2528 1815 2583 1865 et
2608 1808 2679 1865 ad
2693 1817 2897 1866 statum
2914 1808 3187 1881 reipublice

1904 1883 2153 1957 pertinet.
2172 1886 2283 1951 Ita,
2310 1884 2408 1942 etsi
2436 1886 2633 1943 horum
2676 1894 2971 1960 utrumque
2992 1887 3189 1943 omniex

1904 1970 2053 2035 parte
2078 1963 2501 2036 publicum-diei
2530 1982 2643 2021 non
2672 1975 2874 2037 potest,
2918 1976 2975 2021 ut
2998 1968 3064 2022 ad
3098 1982 3193 2023 sen-

1903 2058 2025 2099 sum
2053 2041 2279 2115 Ulpiani
2308 2042 2528 2101 fortasse
2556 2043 2698 2101 inter
2726 2043 2993 2117 ejusmodi
3010 2044 3193 2116 publica

1902 2122 2183 2178 numerari
2212 2138 2325 2177 non
2352 2122 2589 2193 possint:
2616 2131 2801 2181 tamen
2832 2140 2945 2197 qua
2970 2128 3107 2195 parte
3136 2122 3195 2177 all

1903 2198 2225 2263 utilitatem,
2262 2210 2317 2257 et
2348 2206 2551 2257 statum
2591 2203 2887 2274 publicum
2930 2202 3196 2274 pertinent,

1902 2293 2013 2348 quo
2052 2279 2238 2337 minus
2262 2280 2479 2351 publica
2507 2280 2618 2337 sint
2636 2321 2651 2346 ,
2678 2282 2873 2353 negari
2914 2297 3019 2337 non
3046 2288 3199 2353 potest.

1905 2357 2087 2429 Atque
2114 2360 2217 2415 hae
2242 2375 2461 2431 quoque
2488 2368 2640 2431 parte
2656 2404 2671 2427 ,
2701 2368 2765 2417 ut
2792 2362 2862 2418 ad
2890 2368 3079 2418 statum
3114 2358 3201 2413 rei-

1905 2437 2036 2506 publ
2046 2436 2141 2495 icae
2158 2478 2173 2502 ,
2198 2436 2277 2495 sic
2300 2439 2370 2494 ad
2394 2437 2483 2508 jus
2498 2440 2785 2511 publicum
2804 2447 3034 2502 recte.et
3056 2454 3111 2493 ex
3124 2438 3203 2491 tle·

1905 2514 2155 2573 finitione
2174 2516 2394 2587 Ulpiani
2411 2518 2706 2577 necessario
2735 2519 3057 2577 referuntur.
3071 2514 3201 2583 Quod

1906 2594 2011 2652 nisi
2039 2594 2133 2660 fit,
2171 2612 2283 2654 non
2324 2597 2651 2672 reperiemus
2686 2597 2963 2672 superiori
2984 2596 3088 2671 juri
3110 2592 3205 2652 ido·

1905 2685 2075 2732 neum
2104 2677 2307 2734 locum.
