3327 5214
192 191 278 250 137
861 182 957 242 DE
995 180 1176 242 mni:
1214 177 1332 238 civ
1337 179 1436 238 11⁴1
1476 179 1613 240 Lm.
1651 181 1697 238 1.
1736 179 1889 238 CAP.
1926 177 2053 236 XV,
2296 197 2303 202 ·
2700 175 2817 232 13‘3

187 297 270 351 sint
299 293 346 350 in
369 295 531 356 utero,
554 307 640 348 aeu
675 295 806 362 quot
839 288 1100 346 nascituri
1139 288 1268 344 sint.
1307 287 1412 342 Sed

185 379 323 428 tanen
344 377 392 425 et
421 369 528 426 hee
559 367 842 428 obscuritas
877 383 910 424 a
950 367 1222 424 veteribus
1243 364 1416 437 expli-

182 457 270 505 au
291 453 384 511 est,
416 465 518 504 non
553 455 641 510 ut,
663 448 810 517 quod
833 451 1030 503 natura
1061 444 1330 502 incertum
1359 459 1413 498 e-

183 533 258 592 nt,
275 533 452 582 eertum
487 526 724 590 raeerent,
761 526 908 597 quod
935 523 1056 580 fieri
1079 539 1188 581 non
1213 522 1414 595 potuit:

181 607 250 661 red
281 609 332 660 ut
362 603 580 660 dicerent
625 601 684 660 in
721 619 784 660 ea
823 601 1208 660 incertitudine
1228 643 1243 665 ,
1278 601 1414 672 quid

181 681 412 738 misimile
431 689 555 738 emet
587 681 760 754 legem
797 681 1034 738 sensisse.
1071 679 1229 747 Quod
1256 677 1312 734 in
1341 681 1418 734 le-

176 761 300 830 gibus
319 759 682 831 inspiciendum
711 767 804 824 est,
830 759 960 831 quia
989 761 1058 815 de
1079 773 1270 814 earum
1293 774 1416 814 sen—

176 837 306 894 tentia
337 839 592 909 queritur.
632 841 690 896 L.
727 842 786 894 in
815 839 1059 897 obscuris.
1095 836 1162 896 D.
1200 837 1263 893 de
1301 853 1416 906 req.

167 917 552 986 jamseeuudum
595 917 692 972 hoe
735 916 938 989 placuit
977 917 1090 972 haec
1127 913 1420 976 sententia,

169 993 366 1065 quandiu
403 995 456 1050 in
490 1011 740 1066 suspenso
777 1001 886 1058 est,
933 1000 1066 1066 quot
1103 1001 1420 1057 nascantur,

171 1072 346 1142 perinde
379 1072 698 1136 habendum,
735 1073 892 1145 quasi
918 1080 1026 1129 tres
1061 1072 1122 1128 in
1161 1079 1314 1127 utero
1337 1086 1416 1125 es—

165 1157 274 1212 sent,
305 1155 356 1204 nt
389 1149 458 1206 sie
495 1151 720 1210 interim
757 1157 1010 1223 quartam
1059 1156 1266 1222 partem
1303 1165 1419 1204 cer-

167 1233 248 1284 tam
281 1227 498 1283 obtineat
535 1231 684 1288 tilius
719 1237 980 1302 superstes
1017 1229 1120 1285 hac
1155 1231 1288 1300 lege,
1327 1232 1420 1290 ut,

163 1305 198 1360 si
226 1307 460 1376 mutieres
495 1307 698 1366 fuerint
735 1307 882 1374 nati,
919 1308 1194 1378 retiquum
1235 1305 1284 1362 ei
1320 1321 1418 1377 pro

164 1389 250 1438 rata
279 1395 533 1449 accrescat:
569 1387 615 1444 si
656 1389 854 1460 piures,
892 1402 1060 1458 quam
1089 1393 1211 1448 tres,
1235 1385 1417 1440 decre-

161 1469 244 1516 scat
273 1463 330 1516 de
363 1479 418 1518 ea
457 1475 604 1534 parte
643 1483 711 1522 ex
757 1481 866 1540 qua
907 1465 1078 1522 haeres
1118 1465 1290 1520 taetus
1325 1467 1420 1518 est.

157 1541 198 1594 d.
235 1541 282 1596 1,.
315 1544 538 1612 antiqui,
575 1547 642 1599 in
677 1544 736 1614 fi.
773 1551 824 1601 et
860 1543 922 1600 L.
958 1557 1064 1616 seq.
1101 1542 1172 1598 D.
1207 1546 1256 1598 si
1281 1557 1422 1611 pars

159 1617 308 1674 terea.
323 1627 418 1689 pet.
453 1621 504 1676 d.
531 1623 594 1678 L.
617 1624 712 1679 ced
751 1626 846 1680 etet*
869 1626 1200 1682 restituatur,
1223 1621 1284 1692 S.
1319 1620 1418 1676 ult.

156 1695 210 1752 Β.
226 1697 278 1751 le
291 1699 402 1768 jud.
423 1697 584 1771 Cujus
607 1701 890 1759 sententiae
905 1740 920 1766 ,
941 1707 998 1758 et
1023 1697 1418 1771 interpretatio-

157 1773 222 1830 ni·
249 1776 368 1832 ratio
391 1777 578 1834 merito
605 1780 902 1852 querenda
926 1786 1022 1836 est.
1051 1779 1243 1854 Neque
1265 1775 1416 1832 enim

155 1853 370 1910 utentia
397 1861 470 1910 est
507 1873 634 1929 exp(
646 1858 776 1923 dita,
803 1857 912 1915 sive
937 1859 1006 1914 de
1031 1857 1280 1929 pluribus
1300 1870 1419 1925 spe-

153 1932 340 1996 ctandis,
370 1950 534 2004 qnam
575 1953 726 2002 uno,
761 1937 870 1993 sive
909 1937 978 1992 de
1015 1934 1268 2007 pluribus
1303 1949 1416 1990 non

152 2012 423 2079 spectandis,
459 2028 632 2083 qnam
674 2014 869 2077 tribus,
909 2021 1142 2084 agatur:
1181 2027 1416 2086 quorum

153 2093 388 2160 urumque
409 2093 656 2162 superior
703 2094 969 2150 sententia
1011 2094 1286 2166 complexa
1325 2101 1418 2146 est.

42 2231 45 2254 ,
153 2165 230 2222 Sed
253 2175 520 2240 utrumque
546 2173 862 2242 prudenter,
901 2181 954 2228 et
981 2173 1052 2228 ad
1091 2170 1414 2227 sententiam

150 2245 252 2313 luris
281 2255 388 2318 apte
410 2248 638 2305 'dictum
677 2250 988 2322 reperietur.

42 2325 45 2362 ²
209 2321 306 2379 XV.
325 2327 400 2382 Ac
423 2325 670 2398 primum
695 2338 901 2400 quaeret
925 2328 1126 2401 aliquis
1141 2367 1157 2392 ‚
1179 2342 1280 2385 eur
1303 2342 1415 2384 non

153 2400 344 2459 dixerint
379 2403 587 2475 potius,
631 2407 854 2478 perinde
903 2409 1220 2464 habendum
1259 2405 1416 2476 quasi

155 2493 264 2538 unus
281 2489 398 2538 erset
423 2483 480 2539 in
509 2494 698 2548 utero,
723 2501 850 2543 cum
888 2502 984 2558 per
1031 2503 1218 2543 rerum
1260 2493 1419 2541 natu·-

54 2602 70 2640 ·.
147 2571 234 2615 nm
255 2577 384 2618 unus
431 2561 578 2619 nasei
629 2564 824 2635 possit,
862 2571 915 2622 et
955 2564 1295 2637 frequentius
1333 2581 1420 2621 ac-

147 2636 276 2701 eiciat,
317 2649 370 2695 ut
409 2658 518 2697 non
561 2652 817 2699 nascatur
867 2645 1081 2715 piures,
1121 2643 1416 2715 prasertim

145 2730 236 2773 euin
267 2720 314 2776 id
351 2719 464 2775 sine
507 2720 860 2779 incommodo
901 2724 1302 2779 nasciturorum
1342 2722 1418 2779 vi-

145 2792 291 2853 deatur
309 2798 464 2853 statui
493 2814 677 2870 mese,
711 2801 842 2864 ubi,
867 2802 1120 2872 pluribus
1144 2800 1311 2865 natis,
1335 2799 1420 2856 fu-

147 2874 288 2931 turum
311 2884 408 2941 est,
431 2886 494 2932 ut
521 2894 628 2949 pro
643 2878 888 2949 portione
903 2887 1120 2936 tantum
1148 2879 1420 2935 decrescat

143 2948 194 3005 «b
209 2968 258 3009 ee
287 2962 450 3025 perte,
477 2972 544 3012 ex
587 2972 702 3028 qua
737 2967 998 3029 superstes
1035 2958 1206 3015 haeroe
1245 2956 1418 3015 sactus

143 3036 272 3092 Qut
284 3040 399 3088 ante
423 3034 690 3091 diximus.
707 3035 770 3091 In
787 3042 1040 3108 promptu
1069 3037 1231 3109 hujus
1251 3038 1421 3107 partis

44 3176 46 3179 y
145 3107 250 3163 ratio
269 3118 354 3165 est.
379 3110 520 3169 Nam
549 3128 680 3184 quae
721 3114 808 3169 tex
839 3115 1108 3186 prospexit
1135 3114 1420 3187 posthumo

44 3190 49 3251 '‚
143 3188 306 3251 ventri,
327 3190 436 3245 haec
467 3208 583 3245 non
613 3191 784 3249 votuit
807 3192 1030 3266 inspici,
1049 3201 1182 3265 quot
1209 3204 1424 3265 possent

46 3262 48 3305 f
143 3274 222 3319 non
243 3267 370 3323 nasci
389 3310 404 3331 ,
417 3270 512 3325 sed
549 3278 681 3341 quot
701 3270 848 3327 nasci
861 3271 1021 3344 ,quia
1035 3272 1306 3335 omnihus,
1321 3272 1420 3343 qui

46 3356 48 3391 ῑ
143 3352 436 3429 tonsurentur
452 3388 468 3411 ,
489 3364 568 3403 ex
595 3362 752 3419 aequo
777 3348 1080 3407 consultum
1110 3351 1294 3407 voluit.
1335 3352 1424 3406 ld·-

46 3436 49 3501 {
143 3432 271 3484 uteo,
305 3440 426 3481 eum
471 3424 628 3481 nasei
669 3426 870 3498 possint
905 3445 1018 3485 non
1043 3438 1260 3486 tantum
1287 3430 1424 3491 duo,

141 3498 204 3553 td
227 3502 374 3557 etiam
399 3512 510 3560 tres
525 3523 544 3557 ε
567 3505 762 3562 merito
787 3514 840 3563 et
866 3506 1330 3564 hune-numerum
1346 3524 1425 3563 se-

46 3590 48 3599 ·
145 3577 224 3630 mi
245 3588 360 3637 nint
391 3599 462 3637 ex
488 3584 776 3639 voluntate
801 3585 948 3655 legis.
973 3585 1260 3644 Pauciores
1273 3586 1418 3643 nasei

143 3664 338 3721 mut:
361 3662 454 3716 sed
487 3660 614 3717 fieri
641 3668 839 3732 potest,
863 3672 927 3719 ut
967 3672 1076 3721 tres
1111 3672 1418 3721 nascantur.

145 3728 432 3793 Omnibusin
451 3756 513 3795 re
545 3738 714 3795 dubia
740 3742 1132 3799 consulendum
1161 3732 1418 3815 ruitque

147 3808 294 3883 alogia
305 3818 658 3875 voluntasaet.
668 3817 780 3875 Nec
795 3818 953 3885 dices,
963 3822 1142 3878 ullum
1153 3822 1416 3879 damnum

145 3900 204 3941 ω
219 3906 444 3961 passuros
467 3896 664 3961 &sesti
693 3897 874 3969 plures
887 3909 1206 3966 nascantur,
1227 3916 1422 3972 quam-

175 4038 248 4109 (8)
273 4042 388 4099 Pac.
429 4064 478 4098 r.
515 4056 718 4119 Qua-st.
761 4066 840 4100 ιο.
871 4050 962 4102 ita:
999 4052 1179 4114 Casus,
1212 4052 1417 4119 inquit,

149 4098 184 4147 Β·
209 4122 292 4157 non
311 4116 548 4187 ‘omuino
602 4118 978 4181 negliguntur:
1007 4118 1096 4169 sed
1125 4154 1142 4177 ,
1193 4117 1260 4166 iis
1309 4134 1416 4167 non

150 4168 446 4243 obotantntms,
482 4180 619 4245 leges
654 4184 1030 4244 generalior-es,
1061 4182 1193 4233 licet.
1225 4182 1282 4231 in
1331 4180 1415 4231 his

151 4242 364 4293 patiantur
409 4245 776 4311 exceptionem
803 4286 816 4308 ,
853 4252 914 4295 nt
953 4248 1012 4295 in
1045 4246 1108 4298 d.
1143 4252 1206 4299 L.
1263 4249 1316 4300 3.
1367 4252 1418 4299 si

153 4316 246 4375 ΝΠ.
267 4306 379 4357 her.
425 4322 537 4375 pet.
573 4306 695 4359 Non
733 4310 1070 4375 negliguntur
1104 4328 1197 4378 pei·
1229 4328 1300 4364 se:
1327 4312 1414 4363 sed

157 4364 440 4431 *eliguntur
475 4390 570 4440 per
601 4375 916 4427 relationem
949 4376 1015 4425 od
1053 4377 1214 4443 legem
1261 4395 1418 4444 gene-

157 4428 288 4508 hie-r.
321 4433 518 4488 Muret-
541 4440 618 4491 ad
645 4444 708 4491 L.
741 4442 794 4507 4.
819 4454 870 4493 et
903 4440 954 4491 5.
987 4442 1056 4493 de
1082 4445 1194 4495 LL.
1218 4443 1416 4493 distin-

157 4500 234 4549 tut
255 4507 387 4550 mter
423 4519 564 4553 casius
599 4520 772 4569 raros,
805 4514 860 4557 et
891 4522 1128 4573 perram-s
1151 4544 1172 4569 ,
1206 4506 1376 4560 veluti
1401 4548 1418 4569 ,

161 4560 308 4623 lnquit,
337 4566 614 4641 sifmmina
637 4579 984 4623 convertatur
1013 4570 1074 4621 in
1095 4590 1292 4623 marem
1317 4574 1416 4642 (de

50 4646 53 4665 ’
159 4632 230 4681 Ἷῑὲ
259 4632 536 4696 prodigiosa
571 4642 722 4688 sexu-⁴5
759 4637 1047 4688 mutatione
1089 4638 1274 4687 videi-e
1323 4656 1416 4705 po.

50 4690 53 4717 1
160 4690 346 4748 tune-n
375 4697 536 4763 iubet,
559 4699 706 4750 pun.
733 4704 848 4752 m,-
867 4716 918 4768 7·
935 4708 1069 4771 Cap.
1091 4703 1144 4768 4.
1171 4703 1242 4754 A·
1265 4700 1417 4754 Gett-

50 4774 53 4851 j
155 4758 196 4809 Θ·
225 4760 360 4810 noct.
387 4762 437 4825 4.
463 4763 580 4818 Joh.
615 4764 832 4817 moiun.
877 4771 936 4819 in
983 4770 1233 4836 mysiae.
1275 4772 1414 4821 Sect-

1492 287 1570 342 vis
1595 302 1739 342 unus
1762 292 1978 343 tantum
2004 284 2343 342 existimatus
2356 281 2427 342 sit
2452 281 2611 338 fuisse
2627 281 2685 337 in
2706 291 2819 337 ute-

1493 380 1578 428 ro,
1615 375 1671 422 et
1708 380 1833 436 pars
1872 365 2102 422 dimidia
2145 365 2355 434 integra
2394 363 2512 418 tilio
2544 358 2817 432 superstiti

1491 443 1781 514 assignata:
1808 444 2094 514 quoniam,
2121 443 2373 515 pluribus
2398 439 2569 502 natis,
2598 447 2817 496 tantum

1495 539 1590 594 pro
1614 522 1859 594 portione
1884 522 1933 578 ei
1970 522 2286 579 detrahatur
2300 561 2316 585 ,
2340 520 2489 592 quod
2526 516 2819 590 adjiciatur

1493 601 1714 658 caeteris.
1740 601 1881 659 Nam
1898 601 2119 658 interim
2136 617 2261 672 pars
2273 601 2373 656 ista
2388 595 2815 666 dimidia,quam

1493 679 1611 735 filio
1635 679 1909 750 superstiti
1935 680 2209 753 propriam
2236 675 2541 749 assignaris,
2574 689 2819 730 corrum-

1493 757 1546 828 pi
1573 767 1628 815 et
1654 757 1904 830 dissipari
1928 761 2001 816 ab
2026 775 2088 814 eo
2112 765 2283 830 potoet
2300 799 2315 824 ,
2340 763 2431 816 ut,
2468 769 2595 809 eum
2638 753 2821 824 plures

1493 837 1610 894 nati
1638 835 1875 903 fuerint,
1899 853 2009 895 non
2049 839 2145 902 sit,
2169 838 2317 910 quod
2356 833 2439 890 itti
2482 832 2818 887 detrahatur.

1496 915 1608 970 Lex
1631 921 1817 971 autem
1834 957 1849 981 ,
1877 925 1937 974 ut
1962 915 2111 980 dixi,
2154 913 2439 972 nascituris
2478 919 2817 982 prospectum

1495 994 1685 1051 voluit.
1708 993 2047 1068 Quapropter
2074 1002 2216 1052 reete
2240 995 2341 1050 hoc
2358 1034 2373 1057 ,
2396 999 2450 1048 et
2472 1006 2537 1044 ex
2552 987 2818 1045 sententia

1495 1072 1651 1144 legis,
1674 1073 1823 1145 quod
1850 1076 2033 1146 plures
2054 1091 2165 1130 non
2202 1080 2420 1130 tantum
2462 1084 2600 1131 uno,
2634 1067 2727 1123 sed
2764 1074 2820 1122 et

1493 1151 1707 1209 duobus
1730 1151 1790 1206 in
1818 1162 1973 1210 utero
1996 1152 2188 1210 haberi
2212 1153 2531 1210 voluerunt,
2558 1153 2688 1218 puta
2713 1152 2823 1201 tres

1493 1229 1624 1299 quia
1651 1238 1731 1288 tot
1756 1230 1907 1288 nasci
1941 1237 2185 1304 possent,
2208 1238 2262 1286 et
2294 1230 2385 1286 lex
2424 1223 2684 1283 omnibus
2720 1239 2819 1279 na·-

1492 1307 1709 1365 seituris
1732 1315 2071 1381 prospectum
2098 1310 2275 1365 vellet.

1571 1385 1729 1442 xvl.
1754 1387 1885 1452 Sed,
1926 1389 1971 1446 si
2014 1389 2115 1444 hoe
2156 1398 2323 1451 recte,
2356 1394 2410 1442 et
2450 1400 2516 1440 ex
2554 1379 2819 1440 sententia

1494 1463 1650 1536 legis:
1683 1466 1822 1522 iliud
1854 1466 2067 1526 videtur
2092 1467 2319 1522 omnino
2344 1477 2519 1535 neque
2545 1466 2705 1520 rec-te.
2728 1471 2823 1514 ne-

1495 1559 1604 1614 que
1643 1561 1711 1601 ex
1749 1547 2013 1602 sententia
2050 1545 2212 1616 legis,
2250 1543 2401 1615 quod
2440 1541 2721 1614 sequitur,
2758 1542 2821 1592 ut

1493 1629 1827 1688 statuerent,
1866 1639 1976 1680 non
2031 1625 2212 1696 plures
2252 1621 2476 1679 interim
2518 1613 2821 1674 existimari

1495 1701 1693 1757 debere
1716 1717 1825 1758 esse
1850 1701 1907 1757 in
1938 1711 2297 1774 utero,quam
2312 1707 2444 1765 tres,
2468 1713 2597 1755 cum
2610 1701 2819 1750 eertum

1493 1778 1592 1845 sit,
1633 1786 1687 1836 et
1728 1790 2003 1853 quatuor,
2040 1791 2095 1838 et
2132 1780 2405 1854 quinque,
2446 1787 2500 1834 et
2540 1773 2819 1830 interdum

1493 1864 1693 1927 &viem
1734 1859 1881 1914 nasci
1934 1875 2110 1931 posse,
2150 1869 2213 1916 ut
2252 1873 2373 1930 quae
2414 1852 2667 1912 accidisse
2706 1865 2819 1906 non

1493 1939 1689 2001 semet,
1734 1939 2009 1995 memoriae
2050 1939 2325 2012 proditum
2377 1934 2447 1993 sit
2474 1952 2503 1990 a
2534 1930 2690 1988 bonis
2726 1945 2823 1984 au-

1495 2015 1761 2079 ctoribus,
1786 2023 1839 2072 et
1863 2016 2023 2072 certis
2048 2014 2368 2074 testimoniis
2390 2012 2823 2084 comprobatum,

1497 2101 1556 2148 ut
1583 2093 1795 2150 disserit
1823 2095 2025 2151 Paulus
2058 2097 2116 2152 in
2144 2099 2198 2153 a.
2239 2096 2300 2152 L.
2340 2095 2567 2163 antiqui.
2604 2091 2651 2144 si
2684 2103 2821 2157 pare

1495 2172 1687 2228 herred.
1734 2181 1837 2240 pet.
1888 2174 1958 2230 Et
2007 2175 2279 2247 quomodo
2328 2172 2433 2228 sibi
2461 2166 2820 2242 permiserunt

1492 2259 1695 2307 veteres
1717 2250 1775 2305 in
1804 2267 2032 2310 numero
2058 2254 2228 2310 trium
2262 2259 2525 2322 spectare,
2548 2251 2681 2318 quot
2724 2259 2823 2298 na-

1491 2329 1566 2386 sci
1593 2337 1828 2400 possent:
1870 2331 1929 2386 in
1967 2348 2195 2389 numero
2234 2339 2503 2402 quatuor,
2540 2327 2822 2398 quinque.

1493 2415 1548 2463 et
1573 2407 1801 2479 reliquis
1816 2449 1831 2470 ,
1846 2407 1903 2464 id
1928 2426 2041 2466 non
2068 2417 2329 2483 spectare,
2354 2423 2479 2463 eum
2508 2413 2689 2462 tamen
2708 2415 2821 2456 non

1495 2485 1681 2542 minus
1708 2485 1762 2542 in
1794 2487 1879 2543 his
1904 2489 2284 2560 posterioribus
2310 2485 2418 2541 diei
2444 2483 2607 2557 possit
2634 2490 2713 2539 tot
2728 2495 2821 2550 per

1495 2580 1679 2622 rerum
1708 2577 1965 2623 naturam
1992 2568 2137 2625 nasci
2165 2566 2351 2640 posse?
2378 2565 2601 2622 Factum
2640 2568 2693 2618 et
2720 2558 2821 2614 hoe

1494 2646 1568 2699 ab
1593 2643 1706 2699 illis
1730 2661 1797 2699 ex
1822 2646 1953 2717 legis
1978 2648 2271 2711 sententia,
2298 2662 2396 2701 nee
2422 2644 2730 2715 quidquam
2760 2638 2817 2693 in

1495 2724 1598 2778 hae
1625 2738 1685 2778 re
1711 2738 1743 2777 a
1770 2738 1825 2779 se
1852 2724 1979 2796 ipsis
2002 2725 2345 2783 dissentiunt.
2368 2725 2695 2783 Voluerunt,
2708 2734 2823 2789 spe—

1493 2801 1628 2857 ctari
1647 2841 1662 2864 ,
1686 2810 1821 2873 quot
1847 2804 1994 2860 nasei
2021 2812 2247 2876 possent3
2272 2803 2363 2861 sed
2390 2818 2515 2857 eum
2542 2802 2647 2856 hae
2672 2814 2823 2853 exce-

1495 2880 1709 2953 ptione,
1750 2898 1819 2936 ne
1858 2890 2218 2953 spectaretur,
2264 2888 2399 2952 quot
2450 2880 2597 2937 nasci
2650 2874 2825 2933 soient

1497 2974 1742 3031 perraro:
1766 2958 1899 3029 quia
1934 2961 2035 3018 hoc.
2075 2962 2301 3033 spectari
2338 2976 2451 3015 non
2492 2962 2824 3029 putaverunt

1497 3056 1560 3093 ex
1589 3039 1855 3095 sententia
1874 3039 2023 3109 legis,
2046 3041 2237 3111 Neque
2262 3040 2364 3095 hoc
2392 3038 2583 3107 inepte,
2598 3042 2651 3091 et
2666 3032 2822 3087 nulla

1496 3116 1731 3173 ratione:
1766 3118 1857 3171 sed
1900 3120 2205 3190 conjectura
2247 3118 2405 3173 dueta
2446 3132 2513 3171 ex
2554 3130 2644 3177 eo,
2668 3110 2820 3180 quod

1497 3203 1576 3252 est
1615 3195 1894 3266 proprium
1935 3197 2077 3267 juris
2114 3214 2179 3252 ex
2220 3212 2283 3252 eo
2321 3192 2469 3267 quod
2511 3192 2569 3247 in
2597 3190 2827 3261 iegibus,

1497 3288 1562 3328 ac
1592 3272 1717 3343 jure
1757 3274 1975 3344 publico
2012 3274 2211 3331 servari
2252 3273 2414 3336 solet,
2452 3277 2505 3327 et
2554 3270 2712 3325 debet
2760 3268 2821 3325 in

1501 3351 1612 3415 his,
1633 3366 1762 3422 qum
1796 3352 1959 3407 varia·
1986 3353 2259 3408 accidunt.
2299 3351 2418 3407 Hoc
2456 3358 2637 3406 autern
2680 3346 2823 3405 illud

1499 3439 1604 3495 est,
1655 3430 1804 3500 quod
1858 3430 2149 3487 definitum
2201 3439 2279 3487 est
2318 3430 2377 3486 in
2432 3428 2495 3485 L.
2546 3428 2600 3484 3.
2640 3435 2690 3483 et
2728 3429 2825 3483 tri-

1497 3508 1594 3565 bus
1633 3508 1965 3579 sequentibus
1983 3550 1996 3573 ,
2031 3509 2101 3565 D.
2140 3512 2203 3566 de
2244 3509 2400 3579 lomb.
2442 3510 2531 3582 jus
2568 3506 2825 3563 constitu-

1499 3594 1617 3643 tum
1645 3588 1805 3655 adea
1832 3586 2009 3658 potius
2030 3589 2203 3660 aptari
2230 3590 2455 3652 debere,
2474 3602 2599 3658 quae
2638 3597 2692 3641 et
2718 3583 2824 3641 fre-

1495 3675 1731 3735 quenter
1768 3673 1821 3721 et
1860 3666 2046 3732 facile,
2068 3684 2237 3739 quam
2278 3683 2399 3739 quae
2440 3681 2659 3739 perraro
2704 3678 2821 3719 eve-

1495 3744 1687 3807 niunt,
1728 3744 1789 3799 L.
1813 3760 1940 3801 nam
1976 3748 2053 3803 ad
2086 3760 2179 3811 ea,
2220 3748 2289 3803 D.
2325 3748 2393 3803 de
2428 3744 2587 3815 Ieyib.
2624 3742 2694 3798 ad
2734 3738 2825 3805 ea‘,

1497 3838 1618 3892 quae
1648 3832 1709 3877 ut
1746 3824 2047 3893 plurimum
2072 3865 2086 3889 ,
2112 3842 2222 3881 non
2267 3826 2337 3899 (8)
2378 3841 2501 3895 quae
2538 3839 2649 3877 uno
2686 3820 2823 3875 sorte

1496 3902 1685 3973 aliquo
1709 3918 1863 3968 casu,
1888 3910 1939 3958 et
1968 3911 2159 3974 praeter
2193 3903 2507 3977 opinionem
2548 3898 2820 3955 accidunt.

1500 4068 1548 4121 7.
1583 4058 1646 4107 C.
1682 4054 1735 4103 6.
1770 4050 1921 4104 And.
1973 4051 2135 4105 Laut.
2176 4058 2295 4108 Lib.
2345 4071 2393 4121 7.
2429 4056 2641 4107 Histor-
2690 4068 2825 4099 ann·-

1495 4138 1624 4169 aom-
1661 4128 1729 4188 Q.
1760 4119 1811 4169 8.
1846 4127 1902 4170 et
1936 4136 2001 4171 ex.
2036 4120 2237 4171 nostris
2284 4117 2579 4184 Tirnqueli.
2625 4114 2703 4165 ad
2757 4116 2817 4163 L·
2854 4156 2859 4163 .

1501 4198 1548 4232 1.
1585 4186 1814 4236 connub-
1850 4206 1905 4237 n.
1955 4200 2039 4253 99.
2074 4200 2124 4237 et
2173 4206 2319 4257 seqq.
2372 4182 2571 4237 Goedd.
2622 4178 2697 4231 ud
2755 4180 2819 4229 L.

1493 4248 1578 4299 38.
1614 4270 1669 4299 n.
1702 4263 1756 4315 9·
1790 4250 1861 4303 de
1902 4256 1969 4305 V.
1994 4251 2075 4319 S.)
2097 4248 2367 4301 Convenit
2404 4242 2721 4298 Tui-ominus
2744 4242 2821 4292 ad

1493 4316 1554 4364 ‹I-
1591 4318 1652 4365 L·
1708 4316 1759 4365 3.
1796 4334 1850 4366 η.
1888 4330 1936 4381 7.
1970 4314 2177 4377 dicens,
2210 4332 2317 4365 non
2370 4312 2514 4380 loqui
2556 4313 2695 4373 leges
2730 4308 2823 4357 has

1493 4379 1558 4427 de
1593 4394 1713 4427 casu
1748 4394 1887 4439 raro,
1912 4379 2000 4429 sed
2022 4380 2320 4446 inopinato.
2358 4374 2437 4428 ‘Ut
2464 4378 2566 4427 etsi
2594 4375 2821 4427 Lazarus

1492 4460 1519 4491 a
1558 4442 1783 4493 mortuis
1816 4443 2122 4496 suscitatus:
2174 4444 2323 4494 nulia
2359 4452 2537 4495 temen
2570 4443 2635 4493 de
2670 4440 2820 4503 huju-

1493 4508 1667 4559 smodi
1702 4523 1821 4557 casu
1872 4508 1975 4559 lex.
2009 4506 2103 4560 Sic
2154 4508 2359 4560 Praetor
2392 4508 2557 4559 edicit
2589 4509 2653 4557 de
2686 4521 2821 4570 aqua

1495 4574 1675 4639 pluvia
1710 4572 1954 4636 arcenda,
1986 4588 2093 4624 non
2118 4574 2183 4625 de
2218 4575 2378 4634 lecte,
2416 4576 2461 4625 ia
2486 4573 2677 4624 ‚idibus
2702 4572 2819 4639 piu·

1493 4639 1599 4688 viis
1653 4637 1933 4702 arcendis,
1965 4647 2068 4690 etc.
2104 4639 2287 4691 Aliter
2320 4638 2463 4693 Mau
2507 4656 2609 4690 eac.
2664 4656 2713 4685 ι.
2746 4640 2818 4692 de

1499 4709 1608 4759 Via
1631 4706 1815 4776 juris,
1846 4708 1985 4775 Cap.
2022 4706 2102 4756 31.
