3327 5214
233 81 266 138 8
754 75 770 87 ”
999 82 1094 140 ΒΕ
1129 80 1314 140 JmtE
1351 81 1569 140 clvlu
1609 84 1745 142 Lm.
1782 85 1825 142 1.
1863 85 2015 142 CAP.
2038 87 2094 142 Υ.
2862 88 2897 141 6

229 171 344 246 ’deo
365 187 464 242 ita:
489 195 582 250 ιιι,
605 178 746 258 qttitd
763 186 836 244 de
872 185 958 245 bie
981 185 1207 252 dieitur,
1233 203 1503 260 propemo-
1571 189 1634 243 id
1678 199 1755 246 est
1790 189 1991 260 quibus
2026 190 2201 246 modis
2232 189 2433 262 cuique
2478 190 2781 246 dominium
2807 206 2898 244 eu-

227 257 344 319 dum
365 261 508 320 nihil
535 263 730 338 adius
745 273 798 320 et
815 281 970 321 usum
985 281 1172 322 earum
1190 283 1370 322 rerum
1389 282 1504 338 per-
1574 265 1771 338 jusque
1798 267 1873 324 rei
1899 267 2226 340 acquiratur.
2251 267 2409 324 Prius
2438 267 2586 323 enim
2616 285 2729 324 rem
2756 283 2895 330 esse,

34 363 37 404 ε
223 341 376 398 tinere
397 341 658 399 videatur.
682 341 966 414 Ubiaergo,
987 353 1040 398 et
1073 359 1184 414 quo
1205 345 1400 402 ordine
1430 343 1498 400 de
1571 358 1740 415 quam
1766 345 1878 399 de
1857 361 1980 415 Jure
2004 348 2081 402 rei
2106 345 2296 416 quaeri,
2318 355 2537 417 oportet.
2580 345 2651 401 Et
2694 353 2894 410 tamen,

221 417 294 478 his
312 420 531 491 agitur?
567 421 640 476 De
676 436 859 476 rerum
887 437 1190 486 sacrarum,
1219 431 1270 480 et
1291 431 1498 478 sancta-
1575 429 1635 478 ut
1662 420 1807 486 dixi,
1830 432 2161 496 praepostero
2196 423 2354 496 plane
2378 423 2593 488 ordine,
2623 425 2770 494 quod
2804 423 2891 480 hic

219 511 326 554 ιιιιιι
365 514 460 556 usu
487 498 671 556 leviter
695 498 754 554 in
794 510 944 568 parte
979 508 1126 556 sexta
1165 501 1269 558 suh
1308 501 1493 562 titulo,
1568 498 1809 569 primum
1840 517 1950 556 esse
1973 501 2272 572 oportebat,
2307 502 2374 558 de
2410 500 2651 560 dominio
2684 501 2890 558 scilicet

217 574 290 631 No
317 578 445 646 quid
479 581 542 633 in
579 578 689 636 zoco
735 593 912 641 caeru,
958 577 1016 635 in
1056 586 1374 649 argumento
1412 577 1494 633 in·
1571 593 1753 632 rerum
1790 578 2148 650 acquirendo,
2188 579 2417 650 positum
2446 585 2523 634 est
2554 587 2887 643 extremum.

215 653 566 712 terdictorum:
605 653 670 710 de
695 670 794 710 usu
833 655 1202 726 religiosarum
1245 657 1300 712 in
1341 664 1490 726 parte
1566 663 1618 709 et
1643 655 1865 726 quidem
1892 656 2222 713 alienissimo
2248 656 2379 714 loco.
2405 657 2629 714 Factum
2652 657 2801 714 enim
2826 657 2883 712 id

210 731 446 796 secunda,
483 733 644 789 titulo
667 733 748 790 De
773 741 980 788 monuo
1002 735 1290 806 inferendo.
1315 734 1392 788 De
1417 733 1493 788 lo-

34 825 36 906 y
207 808 273 864 cis
293 809 518 879 publicis
539 811 752 866 iteruin
790 819 946 906 parte
979 821 1122 867 sexta
1151 811 1291 868 inter
1329 811 1493 868 inter-
1565 825 1747 864 rerum
1768 812 2039 876 domnio,
2064 811 2159 868 ubi
2194 827 2355 868 nemo
2390 812 2651 884 suspicari
2684 825 2881 884 posset,

34 927 37 964 Ι
205 885 356 950 dicta,
377 888 538 950 titulo
565 889 645 944 Ne
673 890 805 960 quid
825 893 888 946 in
913 890 1022 944 loco
1017 889 1268 968 publico.
1291 890 1356 944 ln
1384 889 1494 960 pri-

203 964 318 1020 vatis
337 965 470 1036 quid
495 967 570 1022 sit
589 967 732 1040 juris
755 967 950 1030 nostri,
975 981 1245 1038 nusquam
1275 985 1341 1022 ex
1367 983 1488 1038 pro-

34 1137 37 1174 ι

199 1040 312 1097 feno
345 1045 598 1100 traditur.
625 1043 944 1116 Fragmenta
983 1053 1194 1101 tantum
1233 1046 1483 1116 quaedam

1565 903 1691 942 eum
1730 889 1909 944 locum
1946 891 2015 946 ad
2055 889 2149 944 illa
2178 888 2379 962 prima,
2412 907 2535 962 quae
2558 899 2685 946 sunt
2720 893 2787 948 de
2822 907 2880 948 re

1563 965 1916 1029 vindicanda,
1939 977 2035 1024 aut
2060 969 2129 1023 ad
2157 985 2219 1022 ea
2244 971 2395 1040 jura,
2428 985 2551 1039 quae
2574 985 2683 1026 csse
2706 971 2877 1026 solent

1563 1043 1621 1100 in
1647 1045 1807 1110 rebus
1833 1045 2051 1114 privatis
2076 1046 2292 1109 alienis,
2320 1046 2621 1119 quidquam
2648 1048 2877 1118 pertine-

199 1118 342 1193 liujus
373 1123 588 1191 generis
613 1124 760 1180 varia
798 1137 976 1192 sparsa
1015 1133 1166 1186 sunt,
1189 1139 1256 1178 ex
1283 1123 1484 1198 quihus
1560 1137 1632 1176 re.
1657 1121 1764 1180 Sed
1790 1137 1887 1176 nec
1911 1123 2279 1194 acquisitionis
2304 1126 2468 1197 hujus
2480 1124 2763 1197 explicatio
2791 1127 2875 1181 ul-

1559 1198 1615 1254 la
1625 1199 1846 1261 ,ratione
1871 1209 2033 1265 certa,
2056 1210 2151 1258 aut
2180 1203 2339 1258 modo
2364 1203 2563 1260 tradita
2588 1211 2681 1259 est.
2708 1203 2873 1260 Disie-

197 1195 244 1252 id
267 1199 561 1270 colligitur,
583 1210 639 1256 et
659 1197 884 1270 quidem
910 1200 1013 1266 ita,
1035 1210 1097 1256 ιιι
1123 1216 1258 1272 pene
1289 1201 1343 1256 id
1371 1217 1482 1256 ιιοιι

1555 1285 1640 1332 eta
1668 1275 1783 1334 haec
1808 1287 1885 1333 est
1912 1277 2083 1334 titulis
2114 1281 2185 1335 ad
2220 1279 2319 1336 hoc
2350 1297 2519 1351 genus
2560 1281 2872 1352 pertinenti-

193 1287 448 1346 appareat,
471 1293 656 1350 neque
697 1278 754 1334 id
793 1279 1001 1343 minus,
1037 1295 1204 1351 quam
1245 1279 1482 1335 maxime

1557 1354 1684 1417 bus,
1710 1354 1782 1410 ita
1808 1355 2116 1427 disjunctis,
2141 1366 2203 1412 ut
2224 1358 2369 1414 nihil
2394 1373 2575 1429 supra.
2598 1359 2871 1430 Cujus-ge-

253 1431 398 1489 V.1n
427 1435 592 1492 rebus
627 1433 822 1490 nostris
847 1433 978 1490 haec
999 1441 1180 1490 nostra
1207 1444 1362 1496 sunt,
1386 1434 1480 1490 do-

189 1508 416 1576 minium,
440 1513 722 1584 possoesio,
745 1511 822 1570 rei
851 1529 998 1575 usus,
1021 1522 1074 1568 et
1097 1511 1326 1576 fruetus,
1351 1512 1478 1568 alie-
1551 1509 1798 1573 tionibus,
1824 1510 1903 1566 De
1917 1510 2251 1581 Aequis-endo
2275 1529 2454 1568 rerum
2476 1508 2725 1578 dominio,
2738 1530 2869 1588 quo-

1567 739 1646 788 oet
1671 733 1725 788 in
1756 742 1903 790 sexta
1927 744 2077 805 parte
2110 736 2213 790 sub
2246 734 2403 791 titulo
2438 735 2519 791 De
2552 732 2883 824 Aequis-endo
2996 775 3003 783 -

1555 1431 1701 1487 neris
1723 1441 1850 1488 sunt
1874 1433 1933 1489 hi
1961 1433 2039 1488 De
2066 1434 2165 1490 Rei
2186 1437 2665 1499 vindicationem
2691 1437 2871 1492 Dona-
2984 1469 2993 1478 ·

33 1291 48 1808 ῖ
192 1353 450 1423 disiunctis
469 1357 620 1414 loeis.

185 1589 334 1644 nandi
359 1599 602 1660 potestas.
639 1589 956 1646 Dominium
981 1600 1216 1662 arguunt
1241 1591 1335 1648 illa
1363 1588 1476 1660 ipsa

185 1665 290 1726 tria,
307 1682 448 1737 quae
469 1677 796 1740 sequuntur,
817 1668 862 1724 si
887 1668 1110 1740 quidem
1133 1684 1196 1725 ea
1225 1685 1320 1724 suo
1355 1669 1477 1739 jure

181 1741 270 1798 sibi
287 1746 410 1816 quis
433 1757 650 1812 sumat,
663 1763 772 1803 non
801 1746 978 1804 aliena
993 1747 1339 1803 concessione.
1353 1747 1477 1802 Pos-

179 1821 315 1878 sessio
347 1823 684 1894 intelligitur
715 1841 782 1880 ex
819 1823 894 1880 rei
929 1823 1321 1888 vindicatione,
1354 1839 1475 1895 quoe

179 1899 298 1956 aetio
319 1901 588 1959 dominii·
565 1919 692 1976 Jure
715 1901 968 1974 competit
993 1902 1197 1974 hujus
1183 1902 1344 1973 ipsius
1357 1919 1474 1972 pos-

177 1977 394 2036 monis
429 1981 741 2037 avocandae
779 1995 979 2050 caussa.
1019 1980 1098 2035 De
1119 1980 1197 2036 rei
1237 1978 1474 2036 vindiea-

179 2052 300 2111 tinne
321 2059 502 2128 agitur
529 2058 590 2116 ιιι
618 2057 852 2114 secunda
882 2066 1048 2129 parte,
1085 2059 1244 2114 titulo
1269 2058 1348 2114 De
1373 2059 1474 2114 Rei

1553 1603 1677 1643 rum
1706 1587 1912 1658 primus
1936 1597 2081 1644 extat
2121 1591 2179 1646 ιιι
2219 1601 2368 1661 parte
2392 1591 2653 1656 secunda,
2685 1603 2869 1665 estque

1553 1665 1620 1720 de
1649 1664 1858 1722 actione
1888 1666 1945 1721 in
1972 1681 2086 1722 rem
2126 1669 2195 1724 ad
2222 1685 2306 1724 res
2346 1675 2551 1726 nostras
2590 1669 2869 1728 vindican-

1549 1743 1671 1800 das.
1696 1743 2000 1802 secundus
1986 1761 2041 1800 ιιι
2076 1754 2225 1818 parte
2261 1756 2441 1802 sexta:
2478 1746 2668 1804 tertius
2698 1747 2754 1804 ιιι
2782 1768 2866 1806 ea·
2943 1815 2956 1826 ⁶

1547 1821 1675 1878 dem
1706 1829 1882 1890 parte,
1920 1821 2011 1878 sed
2053 1825 2288 1880 multum
2330 1834 2565 1881 remotus
2604 1842 2635 1880 a
2674 1827 2865 1896 priore.

1548 1899 1730 1966 Quid?
1756 1908 1861 1956 tota
1886 1901 2304 1966 successionum,
2328 1911 2380 1959 et
2405 1902 2702 1974 legatorum
2718 1945 2733 1968 ‚
2771 1919 2862 1966 seu

1545 1976 2081 2036 fideicommissorum
2120 1979 2289 2044 ratio,
2340 1997 2467 2038 eum
2522 1981 2757 2039 maxime
2794 1985 2863 2040 sit

1547 2053 1711 2128 hujus
1748 2055 1983 2126 generis,
2022 2065 2083 2114 ut
2121 2073 2216 2128 per
2241 2074 2361 2114 eam
2398 2059 2639 2116 dominia
2678 2077 2859 2119 rerum

1545 2133 1899 2204 acquirantur
1932 2135 2053 2206 jure
2078 2135 2252 2202 civili,
2278 2153 2461 2194 nonne
2485 2145 2595 2193 toto
2618 2151 2751 2208 pene
2774 2157 2860 2212 go-

1542 2225 1673 2266 nere
1694 2227 1724 2266 a
1752 2211 1975 2283 reliquis
2000 2212 2173 2270 modis
2197 2231 2383 2272 rerum
2404 2215 2859 2288 acquirendarum

1542 2289 1785 2360 sejuncta
1810 2291 1911 2346 est?
1927 2292 2083 2362 quasi
2108 2291 2166 2346 in
2196 2309 2257 2348 ea
2284 2309 2393 2349 non
2418 2295 2487 2349 de
2516 2294 2857 2365 acquirendis

1543 2368 1718 2430 rebus,
1742 2367 1831 2424 sed
1858 2369 1927 2425 de
1951 2369 2294 2434 testamentis,
2318 2379 2371 2427 et
2394 2371 2657 2443 supremis
2670 2375 2857 2430 volun·
2946 2429 2955 2453 ⁸

173 2444 246 2499 ted
269 2445 402 2503 inter
423 2449 726 2512 servitutes,
749 2448 924 2512 titulo,
947 2449 1015 2506 Si
1041 2451 1466 2524 uwssmctuspe-
1541 2444 1742 2502 tatibus
1767 2454 1977 2503 tantum
2004 2447 2120 2504 sine
2159 2449 2265 2504 alia
2296 2447 2647 2521 acquisitione
2681 2467 2857 2518 agero-

172 2525 314 2588 fflr.
337 2529 422 2584 rel
446 2530 526 2585 ad
552 2529 726 2584 alium
750 2530 1016 2596 pertinere
1048 2535 1301 2594 nenena.
1322 2534 1374 2583 et
1398 2527 1463 2584 ti-
1540 2531 1646 2579 tur.
1685 2523 1829 2580 Huic
1868 2525 2014 2580 enim
2057 2527 2239 2598 generi
2268 2527 2327 2583 in
2370 2535 2519 2598 parte
2542 2527 2736 2600 quinta
2754 2573 2767 2594 ‚
2804 2541 2855 2589 et

173 2602 278 2665 tulo.
297 2603 359 2661 Si
377 2610 624 2664 moiun
635 2607 946 2671 vindicetur,
957 2605 1044 2663 vel
1069 2605 1142 2661 ad
1165 2605 1462 2675 aliumper.
1535 2612 1681 2659 sexta
1707 2601 1850 2659 inter
1888 2620 1969 2660 res
1990 2621 2025 2660 a
2050 2603 2257 2661 ratione
2290 2621 2473 2662 rerum
2502 2606 2855 2678 acquirenda-

172 2682 312 2739 tim
343 2692 590 2755 metiar.
615 2683 914 2741 Alienandi
942 2692 1173 2756 potestas
1207 2683 1460 2741 statuitur
1535 2696 1658 2736 rum
1699 2681 1858 2752 longe
1894 2682 2105 2739 dissitas
2144 2685 2294 2740 locus
2328 2684 2619 2742 attributus
2654 2696 2745 2743 est.
2784 2690 2849 2745 ln

173 2756 216 2811 in
237 2758 782 2819 institutionibusmb
803 2761 978 2825 titulo,
1005 2760 1208 2831 Quibus
1223 2763 1458 2819 alienare
1532 2774 1642 2830 quo
1668 2766 1721 2815 et
1746 2758 1885 2816 illud
1914 2771 2325 2853 praeposterum,
2350 2763 2515 2833 quod,
2540 2774 2603 2819 ut
2626 2765 2850 2838 reliquie

172 2834 278 2899 Bm,
295 2840 378 2895 rel
399 2858 538 2896 nort.
553 2841 698 2897 Dum
723 2839 870 2897 enim
894 2840 1119 2912 quidam
1135 2838 1343 2896 domini
1369 2856 1460 2896 ex·
1533 2835 1729 2907 specics
1754 2836 1919 2929 hujus
1946 2839 2313 2911 acquisitionis
2350 2841 2660 2913 superiores,
2686 2840 2759 2899 ita
2799 2854 2850 2901 et

169 2913 410 2984 cipiantur
425 2918 570 2983 illie,
581 2919 785 2991 quibus
809 2918 1045 2975 alienare
1065 2932 1172 2973 non
1191 2916 1452 2980 lit-ennon
1531 2914 1645 2971 haec
1673 2916 1951 2987 praeposita
1994 2927 2071 2974 est
2100 2917 2339 2989 generali
2368 2918 2527 2975 titulo
2558 2920 2635 2976 De
2662 2919 2851 2993 Aequi-

169 2992 354 3051 ohscure
375 2998 592 3054 caeteris
613 2997 869 3053 omnibus
885 2996 998 3053 haec
1014 2994 1240 3051 facultas
1261 2994 1456 3051 tribui·-
1529 2994 1693 3049 rende
1716 3009 1897 3049 rerum
1909 2998 2158 3058 dominio.
2182 3013 2305 3051 cum
2334 3013 2501 3067 genus
2516 3006 2641 3054 ante
2662 3000 2845 3055 omnia

170 3078 259 3126 tur.
275 3072 436 3141 Quam
461 3091 598 3147 ergo
613 3077 680 3133 de
705 3074 889 3131 eodem
914 3089 1108 3145 genere
1131 3072 1230 3129 ista
1245 3071 1455 3146 disjun-
1529 3070 1783 3141 praemitti
1808 3082 2063 3144 oporteat,
2088 3075 2283 3129 deinde
2298 3074 2557 3145 species-ei
2582 3077 2847 3149 subjectas

172 3148 264 3211 etis,
279 3161 324 3207 et
344 3153 577 3211 divulsis
603 3154 730 3209 locis
759 3153 900 3208 inter
921 3152 1011 3208 se?
1528 3147 1813 3219 explicari,
1839 3160 1900 3206 ut
1924 3150 2153 3219 sciatur,
2192 3168 2263 3207 an
2291 3168 2401 3207 una
2424 3152 2849 3226 definitione-ge-

231 3227 308 3283 vl.
328 3232 448 3287 lam
467 3246 600 3288 vero
623 3231 754 3288 etin
784 3232 941 3286 rebus
955 3230 1186 3287 alienis·
1166 3246 1286 3302 Jura
1302 3246 1449 3301 quae-
1525 3227 1671 3283 neris
1696 3228 2073 3284 contineantur
2112 3246 2328 3285 omnes:
2354 3230 2397 3285 si
2424 3244 2535 3285 ιιοιι
2570 3233 2847 3289 continen-

171 3302 268 3361 dam
281 3318 449 3365 nostra
479 3318 637 3374 sunt,
659 3318 722 3365 ut
743 3310 834 3381 jus
855 3308 1124 3379 vectigalis
1149 3307 1331 3370 funali,
1352 3322 1448 3363 seu
1523 3313 1632 3368 tur,
1655 3312 1775 3361 tum
1800 3306 2011 3368 deinde,
2040 3308 2179 3379 quid
2204 3308 2480 3380 proprium
2504 3308 2841 3381 singularum

169 3384 546 3457 empbvteutiei,
567 3388 658 3461 jus
680 3387 1124 3477 superficiarium,
1137 3388 1292 3443 bonae
1319 3386 1446 3441 fidei

171 3464 398 3528 mio,
419 3464 730 3529 servitutes,
753 3466 960 3537 pignus.
994 3464 1064 3520 Et
1085 3464 1193 3519 fubi
1229 3464 1446 3519 tandem

172 3534 224 3591 de
240 3539 310 3596 his
332 3542 550 3632 agitur?
575 3543 654 3599 De
678 3542 931 3599 omnibus
955 3541 1204 3614 quidem,
1227 3549 1444 3615 excepto

171 3628 373 3686 anore,
395 3622 454 3677 ιιι
487 3632 637 3692 parte
663 3616 922 3684 secunda,
946 3620 1110 3691 idque
1133 3630 1278 3677 recto
1299 3618 1444 3675 ordi-

173 3706 234 3746 ne:
250 3698 329 3753 sed
351 3708 500 3762 tunc,
523 3716 650 3755 cum
673 3700 951 3759 nondum.
973 3714 1046 3754 an
1071 3698 1282 3769 aliquid
1308 3706 1440 3753 esset

171 3770 422 3840 wisatum,
445 3784 501 3833 et
523 3776 660 3849 quid
697 3779 754 3835 in
791 3792 852 3834 eo
875 3782 1006 3832 esset
1039 3777 1308 3838 alienum,
1341 3777 1440 3830 sei-

171 3862 326 3907 oemus.
347 3854 405 3909 ld
429 3855 582 3910 enim
607 3855 840 3911 traditur
866 3855 1038 3911 multo
1063 3862 1192 3925 post,
1217 3852 1392 3911 idest
1376 3870 1434 3909 ιιι

172 3936 286 3992 We
315 3942 481 3995 sexta.
503 3948 614 4004 quo
651 3934 766 3989 loeo
801 3932 868 3989 de
901 3930 1228 4003 acquirendo
1253 3946 1434 3990 rerum

171 4001 368 4065 dominio
399 4010 594 4081 agitur.
628 4011 951 4082 Pignoribus
985 4020 1164 4067 autem
1192 4009 1436 4082 proprius

171 4076 284 4137 loeus
311 4088 621 4145 attribuitur
657 4088 715 4144 in
751 4097 900 4160 parte
939 4100 1132 4161 quarta
1169 4104 1294 4143 curn
1335 4104 1434 4143 cte·-

173 4159 268 4214 ltr'n
287 4166 520 4232 {artibus
543 4177 596 4223 et
619 4167 1068 4239 praecedentibus,
1091 4175 1146 4222 et
1167 4165 1432 4237 sequenti-

175 4232 248 4291 bus
265 4240 392 4299 nihil
417 4260 704 4301 commune
727 4244 946 4301 habens.

227 4315 330 4373 ΠΙ.
360 4321 486 4389 Quae
523 4333 584 4379 ut
617 4322 802 4379 omnia
839 4324 1178 4380 traderentur
1211 4322 1430 4377 ordine.

176 4396 310 4451 ¹”nen
339 4398 434 4455 boe
467 4402 760 4465 constabit,
793 4400 852 4459 in
881 4416 1062 4459 rerum
1098 4400 1428 4471 privatarum

177 4474 463 4534 tractactione
496 4490 689 4537 natura
727 4478 870 4537 hanc
903 4478 1260 4567 cognitionem
1300 4493 1438 4547 prae-

177 4546 318 4607 0“lere
337 4554 536 4623 debere,
548 4568 610 4615 ut
631 4560 878 4619 sciamus,
889 4557 1024 4629 quid
1047 4558 1117 4613 sit
1143 4556 1430 4627 privatum,

177 4631 210 4677 ἃ
227 4632 460 4697 quomo&
481 4636 727 4714 quidque
753 4634 1078 4706 privatumi
1045 4634 1078 4689 f
1084 4644 1139 4689 at
1169 4634 1429 4704 cujusque

175 2134 518 2194 vindicatione.
556 2137 721 2201 Usus,
743 2145 796 2193 et
821 2135 1034 2192 fruendi
1071 2145 1294 2208 potestas
1329 2135 1470 2192 indi-

176 2217 308 2266 catur
339 2214 554 2272 actione
595 2213 870 2288 negatoria
907 2213 1196 2270 constituta
1235 2215 1469 2272 dominis

175 2286 368 2346 inarum
385 2307 578 2350 rerum
593 2293 1082 2385 persequendamm
1099 2292 1288 2363 gratia.
1313 2294 1386 2349 At
1399 2295 1468 2349 de

177 2361 258 2420 bae
279 2369 484 2428 actione
517 2369 710 2443 agitur
733 2369 792 2426 in
827 2371 1012 2427 eadem
1037 2379 1187 2442 parte
1209 2373 1467 2438 secundm

1523 3381 1608 3445 sit,
1631 3382 1873 3439 oratione
1898 3384 2211 3454 explicetur.

1597 3459 1751 3517 vm.
1775 3462 1901 3517 Jam
1926 3476 2081 3527 vero,
2104 3480 2231 3519 eum
2258 3466 2399 3537 ejus.
2422 3467 2568 3538 quod
2596 3474 2837 3523 nostrum

1521 3546 1613 3596 est.
1637 3554 1761 3610 pars
1784 3538 1853 3595 sit
1884 3540 1960 3602 id,
1982 3541 2126 3611 quod
2154 3543 2317 3599 nobis
2342 3544 2597 3607 debetur,
2636 3544 2692 3600 in
2731 3562 2841 3616 quo

1521 3625 1803 3674 versantur
1841 3616 2227 3689 obligationes:
2262 3636 2374 3693 quo
2398 3614 2617 3688 ordine,
2652 3633 2705 3679 et
2728 3639 2839 3695 qua

1515 3694 1726 3751 ratione
1764 3694 1821 3751 in
1874 3694 1976 3751 hoc
2018 3712 2211 3767 genere
2250 3700 2569 3772 explicando
2624 3717 2837 3772 progre-

1514 3772 1745 3829 diuntur
1768 3773 2185 3845 compositores?
2212 3777 2367 3833 Nihil
2394 3788 2473 3833 est
2500 3793 2837 3850 perversum,

1511 3860 1608 3906 aut
1645 3859 2043 3925 praepostemm
2075 3856 2261 3926 magis.
2288 3858 2462 3919 Nam,
2486 3873 2609 3912 eum
2656 3858 2713 3913 ιιι
2737 3874 2835 3911 ex·-
2883 3885 2894 3900 ·

1515 3930 1801 3999 plicatione
1824 3928 1963 4004 juris
1984 3933 2153 3989 nostri
2190 3935 2259 3991 de
2297 3933 2721 4005 obligationibus
2744 3950 2835 4003 po-

1509 4008 1729 4065 steriore
1770 4008 1887 4066 loeo
1932 4008 2019 4080 agi
2074 4010 2374 4074 debuisset,
2414 4019 2475 4068 ut
2530 4028 2595 4067 ex
2632 4012 2835 4082 quibus

1508 4085 1578 4141 sit
1600 4089 1746 4158 quod
1788 4088 2251 4153 nobis-debetur,
2294 4091 2439 4160 quod
2483 4090 2679 4147 'minus
2716 4105 2833 4161 pro-

1484 4164 1622 4235 ·prie
1661 4176 1903 4223 nostrum
1932 4170 2037 4223 est:
2067 4166 2239 4237 priore
2265 4176 2445 4222 tamen
2488 4169 2601 4223 loco
2634 4166 2701 4222 de
2729 4168 2833 4231 ωε,

1434 4269 1448 4284 ·
1507 4258 1673 4315 quam
1694 4246 1786 4301 'do
1832 4246 1993 4301 mus
2032 4243 2263 4303 dominii
2302 4244 2467 4301 nestri
2489 4284 2503 4308 ,
2540 4260 2679 4315 quae·
2713 4258 2831 4315 pro-

1508 4320 1624 4391 prie
1661 4330 1855 4379 nostrae
1892 4332 2047 4383 sunt,
2072 4322 2263 4392 agitur.
2300 4324 2441 4378 Ante
2466 4324 2612 4381 enim
2642 4322 2831 4395 agitur
2915 4321 2940 4340 ⁴

1506 4400 1573 4453 de
1599 4399 1989 4470 obligationum
2018 4400 2231 4464 caussis»,
2258 4408 2317 4455 ut
2341 4400 2735 4463 contractibus,
2776 4412 2829 4455 et

1505 4476 1658 4548 quasi
1711 4478 2084 4535 contractibus
2136 4478 2240 4534 Sed
2292 4485 2344 4534 et
2397 4483 2521 4535 eum
2559 4478 2831 4549 obligatio

1502 4557 1681 4613 omnis
1704 4555 1773 4612 sit
1794 4572 1861 4613 ex
1897 4556 2053 4617 certis
2076 4556 2273 4613 caussis
2290 4597 2303 4616 .
2344 4566 2470 4627 puta
2511 4563 2790 4613 contractu
2814 4598 2829 4623 ‚
2858 4583 2877 4607 0

1505 4635 1658 4705 quasi
1680 4642 1957 4691 contractu
1978 4674 1992 4697 ,
2018 4634 2281 4690 maleficio
2297 4674 2313 4696 ,
2338 4635 2495 4706 quasi
2524 4633 2827 4695 malent-iot
