3327 5214
515 174 626 235 579

509 280 697 351 culpa.
721 287 774 336 et
807 268 1066 335 delictum
1106 284 1408 333 removetur
1437 275 1492 332 in
1519 278 1572 332 d.
1613 276 1670 332 5·
1677 276 1751 351 S.
1774 282 1825 331 ct

506 358 654 423 ideo,
694 359 768 413 ad
809 356 933 427 Lea.
971 354 1152 429 Aquil.

585 436 638 489 V
641 476 654 491 .
694 436 870 507 Major
896 434 1133 496 infante,
1170 431 1265 488 etsi
1307 430 1582 505 impubes,
1621 448 1731 488 non
1759 430 1819 487 in

507 513 693 569 eadem
746 529 928 569 caussa
966 529 1092 569 cum
1132 510 1340 567 infante
1393 510 1450 566 in
1495 510 1705 569 delictis
1728 511 1823 567 ha-

506 592 682 649 betur.
719 592 933 657 Placet,
982 592 1131 647 hunc
1157 630 1172 655 ,
1218 588 1264 646 si
1317 586 1553 661 injuria,
1601 599 1654 647 et
1708 588 1819 645 doli

505 686 674 740 capax
713 670 813 733 sit,
849 678 901 725 et
939 669 1290 741 delinquere,
1326 676 1380 723 et
1417 668 1588 739 poenis
1638 669 1821 739 legum

506 748 705 805 teneri:
758 747 943 820 itaque
979 756 1032 805 et
1070 746 1240 805 teneri
1290 745 1406 816 lege
1461 746 1687 818 Aquilia
1706 786 1722 809 ,
1770 745 1817 802 si

507 827 774 882 damnum
811 826 1043 883 dederit:
1091 834 1146 881 et
1183 825 1348 890 furti,
1397 825 1442 881 si
1493 824 1703 882 furtum
1743 824 1819 883 fe-

505 904 655 961 cerit.
695 906 757 962 L.
805 904 1156 975 impuberem,
1195 904 1262 960 D.
1310 905 1374 959 de
1411 904 1544 976 furt.
1595 906 1719 960 diet.
1762 904 1817 960 L.

509 982 564 1039 5.
607 983 665 1053 S.
703 992 752 1039 et
789 985 920 1038 ideo.
959 982 1214 1057 Iniuria,
1251 993 1304 1039 et
1351 983 1462 1037 doli
1511 1000 1680 1055 capax
1731 983 1823 1039 de-

505 1058 762 1117 scribitur
785 1062 844 1116 in
872 1062 932 1132 S.
955 1065 1015 1117 in
1039 1077 1246 1118 summa
1262 1101 1276 1126 ,
1303 1060 1530 1117 lustitia.
1567 1063 1630 1117 de
1653 1062 1818 1131 obliq.

505 1152 624 1210 quoe
661 1155 733 1194 ea:
769 1140 941 1197 delict.
981 1140 1058 1205 is,
1095 1140 1193 1210 qui
1233 1138 1501 1210 pubertati
1543 1138 1821 1211 proximus

505 1217 592 1273 sit.
630 1216 790 1273 Unde
845 1217 1232 1289 intelligimus,
1271 1233 1430 1280 eum,
1465 1217 1562 1289 qui
1607 1218 1825 1289 propior

505 1294 577 1351 sit
613 1296 888 1359 infantiae,
929 1312 1096 1367 quam
1138 1294 1441 1368 pubertati.
1479 1298 1669 1353 eodem
1704 1296 1827 1368 jure

505 1388 633 1429 cum
662 1373 870 1431 infante
897 1375 1227 1431 habendum.

585 1452 684 1507 vl.
724 1453 813 1508 Sic
862 1461 969 1509 tres
1017 1451 1332 1511 efficiuntur
1371 1452 1430 1509 in
1483 1468 1729 1516 summa,
1766 1450 1827 1507 in

505 1544 640 1600 quos
675 1530 938 1587 delictum
979 1548 1090 1587 non
1129 1532 1306 1596 cadit,
1345 1547 1480 1606 quos
1531 1531 1743 1587 eosdem
1786 1529 1828 1585 i-

505 1610 792 1679 gnorantia
810 1649 825 1675 ,
875 1618 928 1665 et
976 1608 1286 1667 innocentia
1327 1628 1358 1665 a
1407 1610 1606 1668 delicto
1655 1608 1828 1680 magis

506 1686 772 1751 vindicat,
809 1704 978 1760 quam
1019 1698 1263 1745 excusat:
1301 1687 1566 1750 furiosus,
1605 1686 1658 1742 in
1670 1686 1787 1744 fans
1818 1728 1833 1753 ,

503 1773 590 1829 et,
637 1765 738 1835 qui
783 1765 1028 1823 infantioe
1077 1768 1358 1837 proximus
1405 1777 1510 1832 est,
1563 1765 1828 1837 impubes.

503 1842 571 1898 In
611 1852 826 1900 caeteros
861 1844 934 1901 ita
975 1845 1234 1900 delictum
1275 1842 1452 1909 cadit,
1493 1853 1552 1900 ut
1589 1842 1650 1899 hi
1690 1843 1829 1917 juris

505 1918 810 1991 ignorantia
855 1940 888 1978 a
939 1922 1169 1978 crimine
1209 1939 1332 1979 raro
1373 1922 1598 1994 quidem
1627 1962 1640 1986 ,
1693 1932 1827 1978 atta-

505 2014 631 2056 men
687 1998 962 2062 interdum
1013 2011 1350 2057 excusentur.
1402 2001 1561 2068 Quod
1613 2017 1681 2056 ex
1736 2016 1821 2072 ge-

504 2092 632 2135 nere
685 2077 870 2135 delicti
927 2080 1178 2135 sumitur.
1228 2081 1370 2135 Sunt
1425 2080 1574 2135 enim
1625 2078 1821 2135 delicta

503 2155 786 2228 quadam,
825 2172 950 2227 quie
975 2156 1142 2231 hujus
1171 2156 1488 2229 ignorantia
1529 2156 1823 2214 exeusatio-

504 2250 632 2291 nem
686 2236 744 2291 in
799 2242 976 2292 totum
1029 2252 1139 2291 non
1193 2234 1482 2308 recipiant,
1521 2245 1582 2293 ut
1621 2236 1821 2292 frustra

503 2314 572 2369 de
610 2313 848 2384 personis
897 2313 987 2373 hic
1039 2323 1334 2385 queratur.
1383 2314 1647 2381 Quaedam
1690 2314 1823 2369 reci·-

501 2391 666 2462 piunt
702 2392 803 2449 hac
841 2393 990 2461 lege,
1026 2391 1070 2449 si
1127 2392 1290 2449 etiam
1345 2408 1582 2465 personae
1631 2391 1823 2449 condi-

503 2470 582 2525 tio
639 2480 944 2527 concurrat.
983 2470 1048 2527 In
1101 2487 1214 2542 quo
1259 2470 1358 2527 etsi
1412 2471 1683 2527 excusatio
1732 2469 1827 2527 tri-

503 2546 697 2605 buitur
749 2549 909 2605 certis
957 2548 1228 2621 personis·
1277 2558 1502 2615 tamen,
1553 2550 1685 2622 quia
1738 2549 1825 2609 his

504 2625 632 2700 ipsis
679 2643 788 2684 non
833 2627 1129 2694 tribuitur,
1181 2628 1288 2686 nisi
1329 2627 1389 2684 in
1445 2629 1546 2685 hoe
1597 2645 1823 2700 genere,

505 2704 736 2762 omnino
763 2706 832 2763 de
857 2721 1051 2776 genere
1089 2723 1261 2765 causae
1299 2707 1649 2778 questionem
1692 2721 1822 2778 prae-

501 2785 690 2840 eedere
739 2793 962 2856 oportet.
1017 2784 1089 2842 Ut
1137 2795 1396 2858 appareat
1419 2827 1433 2850 ‚
1484 2787 1542 2843 in
1597 2797 1828 2856 utraque

499 2862 708 2934 specie,
731 2879 857 2924 cum
897 2861 1194 2935 quaeritur.
1229 2865 1354 2935 quis
1391 2875 1542 2920 extra
1583 2862 1823 2935 superio-

501 2957 585 2996 res
637 2957 892 3013 personas
930 2957 962 2998 a
1014 2941 1210 2998 delicto
1261 2950 1572 3006 excusetur,
1595 2941 1821 3000 initium

499 3019 786 3091 quaerendi
823 3037 854 3076 a
881 3035 1073 3091 genere
1097 3018 1282 3076 delicti
1305 3019 1428 3076 fieri
1453 3021 1667 3078 debere.

580 3099 704 3155 vn.
741 3101 809 3156 In
847 3098 1058 3156 delictis
1096 3097 1492 3168 distinguendis
1531 3099 1648 3156 haec
1688 3115 1823 3171 pne-

499 3176 674 3246 eeptio
723 3177 958 3234 tenenda
1007 3187 1100 3232 est.
1151 3178 1518 3248 Spectandum
1555 3186 1665 3242 est,
1710 3193 1823 3249 quo

495 3254 618 3326 jure
642 3255 807 3326 quid,
841 3265 894 3313 et
930 3256 1205 3326 quomodo
1246 3255 1613 3326 prohibeatur.
1663 3256 1827 3324 ραι-ἐ

501 3333 629 3388 dam
683 3332 1040 3404 prohibentur
1083 3335 1207 3406 jure
1257 3333 1534 3405 gentium,
1567 3335 1821 3406 quedam

493 3410 620 3482 jure
645 3409 822 3468 civili:
859 3421 911 3468 et
949 3411 1010 3468 in
1053 3412 1140 3470 his
1177 3413 1430 3485 quaedam
1469 3412 1817 3484 simpliciter,

498 3487 754 3562 quaedam
791 3506 918 3546 cum
943 3490 1046 3546 hac
1081 3491 1406 3555 adiectione,
1446 3492 1495 3546 ss·
1529 3491 1651 3548 dolo
1674 3493 1821 3547 malo

497 3568 648 3637 fiant.
684 3565 830 3638 Quid
867 3567 1064 3624 horum
1103 3569 1224 3635 fiat,
1265 3569 1336 3625 ad
1378 3568 1562 3627 delicti
1601 3585 1819 3626 excusa-

499 3646 700 3706 tionem
729 3647 968 3702 multum
995 3647 1234 3705 interest.

577 3724 732 3781 Vm.
771 3723 837 3779 In
891 3725 1094 3797 quibus
1131 3727 1246 3783 haec
1301 3727 1410 3782 duo
1448 3734 1812 3789 concurrunt,

501 3814 562 3865 ut
585 3810 639 3860 et
659 3803 786 3874 jure
809 3803 1056 3873 gentium
1081 3805 1475 3874 prohibeantur
1491 3849 1504 3871 ‚
1529 3811 1581 3861 et
1607 3805 1817 3876 simpli·

498 3885 658 3945 citer:
695 3897 758 3940 ea
799 3881 1031 3938 admissa
1071 3882 1389 3956 ignorantiae
1443 3884 1658 3941 veniam
1698 3899 1811 3940 non

499 3962 727 4020 habent:
751 3960 845 4017 sed
867 3960 1117 4032 quisquis
1129 3961 1205 4018 sic
1219 3960 1477 4033 deliquit,
1506 3977 1723 4034 poenam
1741 3964 1815 4017 le-

497 4042 580 4112 gis
615 4038 874 4106 sustinet,
911 4055 1010 4094 nec
1045 4039 1340 4112 quisquam
1389 4051 1484 4097 aut
1519 4057 1681 4103 sexu,
1718 4049 1817 4096 aut

495 4125 650 4176 aetate
663 4157 682 4182 ,
699 4126 797 4174 aut
819 4117 930 4174 alia
957 4115 1226 4190 imperitia
1243 4119 1361 4176 vitae
1373 4127 1667 4176 escusatur.
1682 4118 1815 4175 Haec

497 4197 642 4256 varie
665 4195 920 4267 expremit
945 4196 1278 4268 Papinianus
1317 4196 1376 4252 in
1417 4197 1479 4254 L.
1517 4200 1565 4254 a·
1603 4198 1813 4254 adnloe-
1846 4205 1851 4209 ⁴

493 4280 640 4332 rium
675 4291 798 4332 eum
849 4277 1063 4340 inemo,
1102 4275 1194 4332 38.
1233 4277 1292 4350 s.
1345 4273 1411 4334 2..
1437 4275 1503 4332 D.
1539 4278 1629 4333 ad
1680 4275 1810 4346 109⁷.

495 4357 610 4414 Jul.
645 4356 712 4410 de
765 4353 992 4412 nauem.
1043 4353 1130 4410 his
1179 4351 1378 4411 verbis:
1433 4353 1570 4411 Cum
1613 4353 1815 4410 mulier

494 4435 746 4491 incestum
775 4435 904 4501 jnro
937 4435 1180 4503 gencium
1213 4431 1542 4504 prohibitum
1577 4434 1595 4508 (
1621 4449 1815 4504 nempe

491 4510 610 4574 s'me
649 4511 1022 4576 matrimonio,
1061 4521 1122 4568 ut
1159 4511 1440 4584 praecedit,
1473 4521 1527 4568 et
1565 4513 1813 4584 sequitur

493 4587 554 4644 in
593 4589 652 4661 5.
687 4605 1098 4662 nonnunquam,
1135 4599 1186 4646 et
1229 4591 1286 4663 S.
1337 4592 1498 4648 iiam
1539 4591 1812 4654 Pollioni,

493 4667 611 4732 aad.
647 4666 794 4738 lca.)
845 4667 1092 4733 admisit,
1133 4683 1348 4738 poenam
1380 4669 1687 4742 legitimam
1726 4687 1814 4728 su-

493 4743 671 4802 stinet.
713 4743 848 4800 Item
887 4749 944 4803 in
972 4749 1032 4822 s.
1063 4751 1262 4823 fratm
1275 4787 1292 4815 ,
1329 4747 1384 4805 t.
1404 4749 1667 4810 Mulieres
1680 4791 1697 4817 ,
1720 4751 1813 4818 ait,

1321 170 1642 231 nuooms
1681 168 1923 229 nomm
1924 167 1995 227 m
2036 164 2409 259 comm.

1902 274 1961 331 in
1994 274 2116 346 jure
2140 284 2377 330 errantes
2404 270 2592 333 incesti
2618 267 2839 329 crimine
2876 288 2972 329 non
2994 282 3147 331 teuen-

1902 358 2017 415 tur.
2040 366 2167 409 cum
2192 353 2252 409 in
2278 351 2547 408 adulterio
2572 350 2843 407 commisso
2866 353 3050 409 nullam
3070 354 3147 411 ha-

1896 432 2025 487 bere
2063 430 2267 501 possint
2290 430 2702 487 exeusationem.
2742 428 2897 485 Item:
2928 430 3148 487 Adulter&

1894 511 2130 577 crimen,
2184 510 2325 581 quod
2372 510 2646 581 pubertate
2702 508 3029 599 detumuit-ir,
3066 526 3151 565 nm

1895 596 2183 646 ematur
2234 595 2399 643 oeeate.
2438 584 2638 644 Omnia
2680 586 2824 647 ideo,
2854 586 2973 657 quia
3008 595 3055 643 et
3088 587 3155 643 in-
3279 586 3282 601 “

1896 676 2101 725 cestum
2116 666 2231 722 sine
2246 664 2625 729 matrimonio,
2638 676 2693 722 et
2706 664 2772 721 ad
2778 660 3007 719 alterium
3020 666 3152 721 etiam

1894 746 2011 803 sine
2034 744 2235 801 incesto
2270 745 2392 815 jure
2418 744 2665 835 gentium
2700 742 3045 815 prohibentur,
3063 760 3159 814 per-

1894 824 2137 895 tinetque
2162 824 2237 879 ad
2260 840 2381 879 eam
2420 822 2687 879 rationem
2726 820 3021 891 Papiniani:
3052 820 3195 878 (λιιι

1894 904 2087 959 mulier
2120 903 2373 959 incestum
2415 904 2547 972 sum
2592 905 2831 972 ymnum
2884 899 3161 968 prowm
3280 946 3282 955 .

1897 983 2141 1045 adonide,
2180 996 2397 1051 ponam
2444 980 2743 1051 lemtim
2790 981 3007 1035 sustinet.
3035 978 3160 1035 idem

1896 1076 2023 1130 ergo
2047 1058 2344 1116 dixerimus
2368 1058 2437 1115 de
2458 1060 2633 1123 code,
2654 1060 2721 1115 de
2748 1056 2906 1117 falso,
2940 1056 3001 1111 de
3022 1056 3093 1119 vi,
3110 1055 3165 1110 de
3279 1124 3282 1133 1

1896 1137 2181 1195 latrocinio
2200 1180 2215 1204 ,
2254 1138 2323 1193 de
2364 1136 2511 1192 furto
2536 1176 2552 1201 ,
2602 1138 2700 1195 ubi
2752 1134 2919 1193 sciens
2962 1134 3165 1191 alienum
3279 1136 3282 1205 j

1902 1225 2223 1281 contr-oeten
2262 1216 2329 1271 de
2384 1213 2587 1286 injuria
2606 1258 2621 1281 ,
2668 1212 2925 1283 omnique
2972 1214 3171 1273 danna.

1904 1296 2051 1366 quod
2074 1296 2249 1351 sciens
2268 1291 2619 1357 dederis‚etsi
2634 1305 2687 1353 te
2712 1292 2995 1351 ulciscendi
3018 1304 3168 1347 amsa

1906 1372 2106 1439 faeere,
2122 1382 2216 1429 aut
2234 1374 2361 1429 dare
2386 1373 2836 1443 posseexistimoe.
2849 1370 2915 1425 In
2931 1368 3033 1433 his,
3042 1366 3173 1425 utili-

1906 1452 1982 1514 xi,
2000 1469 2099 1508 nec
2112 1451 2281 1515 sexui,
2292 1464 2393 1506 nec
2416 1452 2557 1509 aetati
2576 1452 2647 1508 ad
2664 1450 3031 1523 imputantem
3046 1444 3171 1501 venia

1904 1530 2099 1594 datur,
2122 1530 2254 1603 quin
2278 1542 2457 1599 nsque
2477 1543 2631 1595 sexu,
2654 1545 2837 1602 neque
2862 1535 3009 1585 etate
3038 1524 3177 1594 impe-

1904 1607 2375 1680 ditur-quisquan,
2388 1608 2683 1679 quonium
2696 1606 2953 1677 absequi
2966 1602 3179 1663 admunt
3279 1648 3281 1651 ,

1903 1686 2163 1743 delictum
2178 1686 2545 1745 contrahatur.
2560 1686 2735 1759 quue
2748 1696 2843 1749 est.
2854 1684 2994 1757 quod
3006 1682 3179 1739 dicit-m·
3279 1714 3282 1743 ;

1905 1765 1962 1821 in
1993 1765 2063 1821 L.
2068 1766 2398 1836 impunitas,
2436 1766 2495 1823 C.
2516 1767 2585 1822 de
2596 1770 2777 1836 ponis
2796 1806 2811 1829 ,
2834 1761 3181 1835 impunitatem

1904 1843 2087 1901 delicti
2115 1852 2329 1915 propter
2352 1854 2563 1903 tentem
2588 1860 2701 1903 non
2728 1843 2879 1907 dari,
2900 1841 2945 1899 si
2970 1838 3114 1897 modo
3132 1852 3181 1891 ea
3279 1860 3282 1865 ·

1902 1931 2057 1979 aetate
2092 1922 2221 1993 quis
2244 1921 2346 1984 sit,
2370 1922 2429 1979 in
2454 1935 2625 1996 qaam
2650 1921 2942 1982 deliuum.
2960 1918 3099 1991 qmd
3118 1916 3183 1973 in-

1898 2000 2171 2061 tenditur,
2204 1999 2394 2055 cadere
2416 2010 2598 2072 potest.
2641 2000 2766 2058 Non
2809 1999 2950 2055 dixit
2988 1998 3189 2053 Alexan·
3277 2002 3282 2053 ἱ

1900 2079 2023 2145 der,
2048 2077 2429 2149 impunitatem
2456 2088 2673 2151 propter
2696 2088 2913 2137 aetatem
2938 2092 3045 2133 non
3066 2074 3186 2137 dari,

1898 2159 2051 2230 qnod·
2074 2157 2261 2213 multis
2285 2156 2345 2211 in
2370 2158 2569 2215 caussis
2590 2157 2813 2215 salsum
2850 2165 3011 2219 esset,
3034 2162 3089 2211 ut
3120 2168 3197 2224 po·

1900 2245 2009 2293 stea
2046 2237 2279 2293 dicetur:
2317 2236 2411 2291 sed
2448 2236 2623 2302 dixit,
2660 2233 3045 2307 impunitatem
3080 2230 3195 2287 deli·

1896 2314 1989 2372 cti.
2018 2315 2181 2371 Recte
2204 2313 2389 2370 delicti
2406 2354 2421 2376 ‚
2444 2330 2641 2387 nempe
2660 2313 2895 2371 admissi
2912 2354 2927 2376 .
2948 2320 3199 2371 eteoutra·

1894 2393 1984 2451 cti.
2008 2393 2167 2461 Quod
2196 2401 2327 2449 tunc
2354 2392 2621 2465 contingit
2636 2434 2651 2457 .
2672 2409 2807 2449 eum
2844 2394 2907 2449 in
2930 2406 3059 2448 sexu
3074 2431 3087 2451 .
3120 2396 3199 2444 aut

1900 2480 2055 2529 oetate
2092 2471 2251 2527 nulla
2290 2480 2369 2527 est
2410 2471 2755 2542 ignorantia,
2794 2488 2923 2543 quar
2946 2488 2979 2527 a
3004 2466 3200 2529 delicto,

1900 2559 1953 2606 et
1990 2549 2223 2606 crimine
2262 2547 2515 2607 vindicet.
2552 2550 2689 2607 Haec
2716 2567 2849 2607 vero
2886 2547 3067 2605 necin
3102 2560 3207 2601 mu·

1896 2628 2151 2695 liet-ibus,
2194 2643 2295 2684 nec
2332 2628 2394 2684 in
2428 2629 2737 2688 minoribus
2780 2630 2899 2686 ulla
2936 2629 3079 2700 justa
3112 2631 3202 2684 ost·

1896 2723 2025 2764 curn
2062 2707 2132 2764 de
2170 2706 2257 2762 his
2286 2707 2494 2778 agitur,
2518 2725 2643 2780 qum
2678 2709 2809 2781 jure
2832 2707 3083 2780 gentiam
3104 2718 3209 2776 pro·

1903 2785 2167 2844 bibentur
2180 2825 2197 2850 ,
2234 2795 2421 2858 utpote
2456 2802 2581 2860 qun
2620 2787 3031 2858 prohibeantur
3066 2781 3209 2839 ratio-

1902 2881 1973 2920 ne
2010 2863 2251 2921 naturali
2268 2904 2282 2928 ,
2318 2881 2491 2937 eoque
2526 2867 2791 2924 omnibus
2812 2865 3033 2936 cognita
3050 2901 3065 2926 ,
3098 2873 3208 2916 cum

1898 2959 2089 3000 omnes
2114 2941 2361 2999 homines
2388 2942 2617 3002 rationis
2640 2943 2757 3001 sint
2798 2943 3111 3016 participes:
3132 2953 3213 2994 οιι-

1896 3022 1985 3093 jus
2022 3030 2301 3094 'mpterea
2324 3029 2651 3094 praeceptum
2690 3022 2977 3094 ignorasse
3010 3035 3089 3082 se,
3112 3031 3213 3089 ΡΝ-

1898 3099 2159 3157 babiliter
2180 3101 2585 3157 ostenderem
2618 3109 2866 3173 possunt.
2880 3099 2968 3158 lta
2984 3098 3218 3171 ignom-

1898 3178 1975 3236 tia
2022 3178 2161 3250 juris
2197 3181 2471 3248 gentium,
2505 3194 2633 3250 quae
2672 3179 2735 3236 in
2778 3179 2874 3236 his
2926 3179 3085 3236 nulla
3120 3181 3215 3236 est,

1897 3273 2009 3313 non
2038 3266 2207 3329 potest
2244 3257 2443 3321 faeere,
2464 3273 2577 3330 quo
2614 3256 2806 3316 minus
2825 3298 2840 3320 .
2878 3271 3013 3314 cum
3052 3255 3221 3312 adver-

1896 3351 1989 3391 sus
2020 3337 2109 3407 jus
2138 3335 2383 3408 gentium
2409 3336 2548 3408 quid
2576 3336 2845 3399 fecerint.
2870 3337 3134 3392 delictum
3154 3331 3221 3388 ab

1892 3413 1979 3470 his
2000 3414 2369 3472 contrahatur.
2406 3415 2761 3472 (buti-actum
2789 3431 2962 3486 poena
2994 3411 3221 3484 legitima

1894 3492 2189 3549 neeessario
2227 3495 2491 3565 sequitur.
2532 3494 2753 3564 Loquor
2796 3493 2874 3549 de
2918 3489 3231 3550 bominibus

1896 3587 1995 3627 nee
2020 3571 2267 3636 furiosis,
2290 3583 2347 3628 et
2382 3570 2483 3644 qui
2523 3573 2757 3642 puberes
2798 3582 2975 3634 sunt.
3010 3578 3107 3626 aut
3138 3581 3229 3640 pu-

1894 3649 2091 3724 bertati
2120 3650 2351 3722 proximi
2368 3687 2383 3713 .
2410 3651 2467 3707 ιιι
2492 3667 2629 3722 quos
2664 3651 2815 3708 solos
2856 3649 3131 3707 delictum
3152 3661 3235 3703 ca-

1890 3727 2017 3787 dere
2044 3743 2189 3799 posse
2206 3768 2221 3792 ‚
2244 3738 2373 3786 ante
2398 3728 2655 3786 diximus.
2680 3729 2881 3801 Atque
2911 3728 3064 3786 hanc
3090 3739 3237 3782 caus·

1889 3822 2005 3862 sam
2022 3823 2157 3868 mse.
2184 3806 2359 3864 curin
2388 3807 2475 3862 his
2496 3805 2709 3864 delictis
2733 3807 2911 3864 venia
2936 3803 3236 3878 imperitia,

1888 3891 1943 3940 et
1966 3883 2300 3956 simplicitati
2327 3902 2437 3943 non
2464 3885 2650 3950 detur,
2682 3884 2830 3956 quia
2860 3885 3115 3944 naturali
3156 3899 3237 3938 ra-

1890 3961 2036 4019 tione
2060 3962 2447 4033 prohibentur,
2470 3963 2712 4020 declarat
2736 3963 2809 4022 1..
2830 3965 3055 4036 ponnu-
3096 3963 3155 4020 C.
3174 3961 3243 4016 ds

1876 4043 1949 4097 ϊιι
1980 4045 2077 4112 jus
2114 4057 2223 4098 voc.
2248 4043 2347 4100 ubi
2370 4042 2597 4115 jubetur
2621 4042 2901 4106 libertus.
2936 4043 3045 4116 qui
3070 4048 3245 4114 patro-

1890 4132 2027 4176 num
2048 4119 2171 4178 sine
2195 4123 2457 4193 permissu
2481 4120 2723 4192 pretoria
2749 4122 3015 4190 vocavit..
3052 4120 3133 4176 ita
3168 4127 3245 4176 tc-

1889 4199 2010 4254 neri
2034 4212 2193 4269 pona
2232 4200 2422 4256 edietit
2450 4208 2511 4254 ut
2536 4199 2789 4269 placeat,
2834 4200 2903 4256 in
2942 4215 3013 4256 ea
3044 4213 3109 4256 re
3144 4209 3245 4254 ner.

1890 4277 2177 4335 rusticitati
2210 4279 2425 4335 veniam
2466 4277 2714 4349 proeberi.
2755 4278 2867 4344 Et,
2910 4295 2989 4336 ne
3028 4279 3248 4336 videan-

1890 4363 1981 4412 tur
2006 4372 2251 4428 pugnare
2274 4365 2387 4414 tam
2416 4353 2577 4412 multi
2613 4356 2751 4421 loci,
2774 4358 3009 4428 quibus
3036 4354 3247 4412 rustici-

1890 4434 1987 4492 tati
2016 4437 2283 4506 parcitur,
2322 4435 2546 4494 additur
2572 4435 2733 4501 ratioz
2778 4435 3131 4494 differentiae
3165 4451 3255 4490 ra-

1888 4513 2095 4570 tionem
2130 4513 2401 4572 iudicans.
2428 4513 2563 4571 Gmn
2584 4517 2845 4572 natur-ala·
2872 4516 3127 4577 rationo,
3168 4512 3254 4566 in-

1888 4593 2011 4662 quit
2046 4593 2386 4656 Gordianus,
2424 4593 2591 4648 honor
2630 4592 2963 4665 huj-‘mnan'
3004 4593 3259 4667 personis

1888 4672 2151 4728 aum.

1968 4749 2067 4820 IX.-
2104 4751 2265 4828 Quod
2301 4761 2487 4813 tamen
2537 4751 2820 4816 uiximus,
2866 4753 2937 4812 ιιι
2982 4751 3076 4809 ais
3118 4746 3265 4806 deu-
