3327 5214
640 0 675 9 v
808 0 863 7 --—

143 188 234 246 ¹25

137 298 189 354 de
201 297 354 350 παίων.
377 307 490 349 non
515 296 596 346 est
609 289 954 361 producenda
977 292 1049 347 ad
1075 305 1404 363 consequen-

135 376 226 430 tias.
257 370 396 426 idem
421 369 482 424 in
521 369 982 426 senatusconsulto
1015 369 1300 441 Vellejano
1321 369 1404 424 di·

132 467 297 513 cemus,
314 448 360 504 si
385 447 512 519 quis
536 447 700 518 hujus
720 448 1162 505 senatusconsulti
1191 447 1398 504 ratione

133 529 328 584 :ididem
349 527 442 600 jus
467 526 524 582 in
549 523 752 582 camsis
772 525 1014 597 ejusdem
1053 525 1278 582 rationis
1317 527 1399 582 in-

130 606 400 662 ducendum
440 603 521 660 uti
560 603 720 671 velit,
749 603 862 659 -boc
897 604 1076 662 modo.
1111 605 1400 676 Vellejano

129 695 306 740 mutum
345 691 456 744 oet.
493 697 564 737 ne
586 681 842 738 mulieres
875 683 946 740 ob
972 682 1401 740 intercessionem

127 771 398 826 teneantur,
421 760 520 816 etsi
545 775 656 818 uon
687 759 794 817 nisi
817 759 1164 832 stipulatione
1189 762 1404 834 fidejus-

125 841 270 897 serint.
305 841 370 896 L.
409 839 710 902 blanditus,
759 840 818 898 C.
852 841 917 896 do
963 839 1204 909 βάψω.
1243 839 1402 897 Ratio

123 917 532 976 seuatmconsulti
557 957 572 980 ,
619 917 912 974 infirmitas
957 927 1012 974 et
1063 917 1408 975 imbecillitas

119 1013 242 1054 sexus
284 995 354 1053 L.
409 997 466 1052 2.
519 996 578 1068 S.
626 997 674 1052 l.
722 997 792 1053 D.
841 999 916 1054 ad
954 997 1403 1054 Senataxomu.

131 1075 360 1145 leejmt.
383 1075 532 1144 Ergo
567 1073 614 1130 si
641 1075 870 1132 rusticus
905 1075 1208 1146 imperitior
1229 1074 1400 1147 perita

119 1162 330 1211 munna
371 1151 720 1224 fidejusserit:
759 1153 1024 1218 dicemus,
1061 1169 1188 1209 eum
1229 1153 1400 1209 teucri

118 1248 202 1288 non
234 1234 432 1289 debere
470 1240 688 1302 propter
723 1233 949 1288 eandem
993 1231 1400 1296 infirmitatem,

117 1319 244 1382 atque
281 1312 424 1368 adeo
475 1309 780 1380 majorem?
806 1311 924 1368 lmo
967 1311 1290 1382 negabimus
1327 1325 1396 1365 cx

114 1390 262 1446 adem
302 1388 530 1463 regula,
552 1387 685 1460 quia
715 1389 1067 1448 constitutum
1093 1388 1152 1446 id
1175 1397 1254 1444 est
1275 1404 1403 1444 con-

113 1477 174 1522 tra
207 1468 473 1525 rationem
518 1463 658 1538 juris
695 1469 1037 1531 communis,
1071 1483 1192 1558 quo
1225 1468 1402 1539 placet

112 1561 288 1610 omnes,
345 1545 448 1616 qui
497 1545 780 1616 stipulanti
830 1548 968 1617 quid
1017 1545 1364 1618 promiserint
1389 1586 1404 1610 ,

111 1624 332 1694 obligari.
371 1625 434 1697 S.
472 1625 536 1679 de
573 1627 856 1681 constituta
872 1666 886 1689 ‚
924 1624 1099 1680 Instit.
1117 1627 1182 1682 de
1221 1632 1322 1680 act.

169 1703 252 1759 xl.
279 1704 374 1758 Ad
397 1702 546 1758 hanc
568 1703 816 1774 regulam
841 1703 1030 1761 referri
1055 1704 1230 1767 debet,
1251 1699 1396 1772 quod

110 1779 162 1835 de
189 1779 662 1838 constitutionibus
686 1781 997 1855 principum
1031 1781 1403 1854 personalibus

112 1859 316 1917 inditur
367 1860 430 1915 in
483 1858 544 1914 L.
597 1858 648 1914 1.
685 1861 755 1916 D.
803 1863 868 1917 de
904 1869 1064 1917 const.
1091 1863 1268 1931 princ.
1306 1859 1403 1916 has

113 1937 162 1992 ad
193 1939 503 2009 exemplum
529 1953 644 1994 nou
683 1937 842 1996 trahi.
881 1939 1038 2006 Quod
1077 1938 1222 1996 nibil
1247 1937 1400 1993 aliud

111 2025 189 2078 est,
217 2033 390 2089 quam
433 2031 546 2071 non
589 2017 814 2087 produci
851 2018 921 2073 ad
959 2015 1396 2088 consequentiam

113 2110 198 2150 nou
221 2095 450 2166 [vt-oduei
487 2093 559 2150 ad
599 2111 872 2166 personas,
909 2104 964 2152 et
1001 2111 1210 2152 caussas
1249 2094 1399 2150 simi-

113 2170 395 2246 lesNempe
422 2173 508 2229 hae
534 2175 836 2243 personales
857 2183 1010 2238 sunt,
1031 2174 1236 2246 quibus
1251 2173 1398 2244 prin·

111 2266 208 2321 cus
227 2261 321 2309 aut
345 2251 420 2306 ob
447 2251 642 2308 merita
666 2251 833 2309 alicui
857 2253 994 2324 quid
1019 2253 1282 2324 indulget,
1303 2261 1400 2310 aut

109 2330 357 2388 obmerita
374 2345 594 2402 poenam
611 2329 839 2404 irrogat,
853 2342 948 2388 aut
971 2331 1064 2388 cui
1087 2331 1206 2388 siue
1221 2347 1401 2388 exem-

110 2408 182 2478 plo
222 2408 502 2470 subvenit,
553 2408 608 2464 d.
661 2408 722 2465 L.
774 2409 826 2467 1.
873 2411 938 2466 de
988 2415 1192 2468 constit.
1219 2413 1398 2480 prim.

111 2488 265 2544 omnia
289 2487 562 2544 nimirum
583 2495 774 2544 contra
795 2487 1064 2546 rationem
1096 2487 1236 2564 juris
1257 2503 1402 2544 com-

113 2580 280 2625 munis.

172 2644 285 2701 ΧΠ.
325 2646 461 2709 Sed,
495 2660 624 2701 cum
661 2644 902 2703 edictum
950 2646 1019 2703 de
1067 2645 1402 2711 minoribus,

113 2721 320 2794 itusque
357 2725 898 2783 senatusconsultum
933 2724 1312 2795 Velleianum.
1347 2735 1402 2783 et

111 2802 410 2873 ‘metaliter
429 2818 620 2863 omues
642 2820 719 2864 eas
742 2812 918 2879 partes
949 2804 1176 2869 similes,
1197 2804 1402 2879 quibus

841 181 938 242 DE
971 180 1157 240 J'URE
1191 182 1416 240 clvlu
1453 181 1590 248 ΗΒ.
1627 181 1671 236 l.
1708 181 1861 238 CAP.
1898 181 2049 238 xlv.

2483 0 2506 8 v
2585 1 2598 3 -
2649 0 3305 18 τ--Ἷ-ῄ-ῐ-ῄνῇἡ

2689 178 2799 236 126

1478 289 1616 361 quid
1655 288 1948 359 singularis
1992 289 2161 360 juris,
2198 299 2251 343 et
2292 295 2481 346 contra
2536 288 2801 346 rationem

1475 367 1617 441 juris
1645 367 2019 430 constituitur,
2056 367 2165 424 sint
2198 367 2321 438 jura
2364 366 2583 438 publica
2630 383 2804 438 reque,

1474 458 1636 518 atque
1657 446 1747 519 jus
1770 461 2088 513 commune:
2115 462 2213 501 cur
2238 445 2297 501 in
2326 445 2445 516 pari
2480 446 2802 502 auctoritate

1476 525 1923 582 constituentium
1958 540 2071 580 non
2111 523 2258 580 idem
2298 523 2516 596 utriq—ue
2550 522 2663 597 juri
2704 523 2805 580 tri-

1477 603 1731 666 buimus,
1760 613 1817 660 ut
1846 602 2307 674 quemadmodum
2341 612 2635 674 utrumque
2660 602 2801 673 pari·-

1479 691 1560 739 ter
1587 683 1761 747 valet,
1796 680 1873 738 sic
1912 680 2157 736 eamdem
2183 681 2437 737 admittat
2470 680 2609 752 juris
2636 681 2803 738 inter-

1480 761 1853 831 pretationem.
1890 759 1961 815 Et
1997 772 2125 814 cum
2160 758 2273 830 juri
2310 759 2576 830 singulari
2620 760 2803 824 verba,

1479 839 1645 904 ratio,
1682 849 1845 910 atque
1880 837 2171 894 auctoritas
2208 837 2651 894 constituentium
2690 855 2799 896 non

1481 917 1658 974 desint
1696 919 1767 974 ad
1804 918 1893 989 jus
1929 915 2145 988 longius
2182 915 2593 986 porrigendum:
2624 926 2803 980 restat,

1481 1005 1567 1061 ut,
1607 997 1755 1068 quod
1797 996 1995 1067 placet,
2045 993 2270 1065 produci
2322 1011 2437 1050 non
2477 994 2701 1058 debere,
2738 1011 2801 1051 eo
2910 1047 2915 1054 .

1478 1075 1596 1131 fieri
1624 1084 1873 1147 putemus
1885 1113 1899 1137 ‚
1922 1073 2055 1144 quia
2068 1073 2141 1130 sit
2154 1089 2253 1129 con
2260 1083 2342 1128 tra
2358 1072 2801 1130 constituentium

1479 1155 1837 1211 voluntatem:
1874 1152 2025 1223 quod
2062 1160 2116 1208 et
2164 1167 2353 1206 verum
2390 1159 2484 1208 est.
2522 1151 2695 1224 quue
2732 1169 2802 1209 ex

1473 1247 1539 1288 eo
1581 1231 1817 1303 intelligi
1872 1238 2065 1301 potest,
2115 1229 2265 1301 quod
2312 1237 2367 1286 et
2420 1228 2479 1286 iu
2520 1229 2799 1302 integrum

1475 1310 1743 1367 restitutio
1784 1310 2092 1373 minorum,
2129 1316 2183 1364 et
2220 1307 2273 1364 S.
2312 1307 2370 1364 C.
2422 1309 2800 1382 Velle-janum:

1476 1399 1530 1446 et
1563 1388 1769 1446 similia
1816 1396 2005 1444 contra
2056 1386 2319 1443 rationem
2367 1386 2507 1458 juris
2555 1403 2801 1444 commu-

1477 1467 1564 1525 nis
1617 1475 1825 1538 recepta
1842 1505 1859 1531 ‚
1910 1465 2247 1537 exceptiones
2294 1465 2549 1536 quaedam
2598 1475 2728 1522 sunt
2766 1479 2799 1523 a

1475 1547 1600 1618 iure
1623 1545 1923 1602 communi.
1959 1543 2069 1612 Qui
2106 1559 2174 1599 ex
2214 1543 2401 1614 regula
2438 1551 2609 1600 certos
2642 1559 2800 1600 casus

1475 1624 1701 1696 excipit,
1724 1623 1827 1680 boc
1850 1623 1967 1695 ipso
1990 1622 2235 1693 regulam
2276 1619 2335 1676 in
2362 1620 2565 1678 caeteris
2588 1621 2801 1679 casibus

1475 1704 1753 1760 voluntate
1764 1719 1861 1758 sua
1876 1701 2203 1759 confirmare
2218 1699 2561 1771 intelligitur.
2578 1701 2639 1756 L.
2654 1715 2792 1772 qaue-

1476 1784 1669 1847 situm,
1706 1781 1765 1854 S.
1802 1783 1943 1839 idem
1978 1779 2275 1851 rospondit,
2312 1779 2467 1834 domo
2502 1781 2762 1836 instructa
2782 1819 2801 1842 ,

1479 1860 1550 1916 D.
1587 1861 1652 1916 de
1688 1862 1930 1917 instrum.
1960 1860 2054 1918 ,vel
2090 1861 2243 1916 ὑμῖν.
2280 1855 2387 1926 leq.
2426 1856 2547 1924 Qua
2590 1856 2799 1914 ratione

1478 1939 1749 2002 adducor,
1790 1947 1851 1994 ut
1888 1946 2099 2011 putem,
2137 1934 2409 2008 quidquid
2450 1935 2509 1991 in
2534 1935 2708 2006 specie
2730 1937 2799 1992 de

1470 2016 1596 2086 iure
1635 2017 1815 2088 priore
1852 2015 2161 2074 detrahitur
2191 2028 2331 2070 nova
2356 2014 2499 2084 lege,
2525 2014 2583 2071 iu
2610 2030 2721 2086 quo
2744 2022 2799 2069 et

1469 2097 1558 2168 jus
1595 2111 1801 2151 novum
1838 2093 2209 2157 constituitur,
2248 2091 2514 2162 ejusmodi
2553 2109 2693 2158 esse,
2730 2101 2794 2148 ut

1474 2174 1638 2262 hujus
1672 2174 1813 2245 juris
1850 2173 2114 2230 rationem
2154 2171 2213 2228 in
2252 2169 2375 2229 aliis
2428 2170 2668 2242 ejusdem
2706 2185 2798 2240 ge-

1475 2252 1622 2309 neris
1659 2251 1859 2309 caussis
1894 2251 2048 2323 sequi
2089 2265 2201 2306 non
2244 2248 2531 2320 possimus,
2568 2249 2662 2322 sed
2699 2264 2796 2304 cae-

1477 2341 1614 2386 teras
1639 2347 1851 2387 caussas
1886 2331 1959 2386 ad
1992 2331 2081 2402 ius
2120 2327 2271 2400 prius
2308 2343 2415 2383 esse
2443 2315 2793 2383 remittendas

1477 2419 1658 2480 utpote
1696 2427 1807 2466 non
1832 2419 2093 2480 exceptas.
2130 2406 2304 2479 quue
2338 2415 2441 2472 est,
2478 2406 2625 2478 quod
2664 2403 2797 2461 dici-

1477 2497 1570 2544 tur
1595 2488 1656 2543 in
1686 2488 1747 2546 L.
1777 2490 2145 2560 precipimus,
2180 2488 2241 2542 in
2276 2483 2371 2554 fin.
2413 2445 2472 2542 (⁹2.
2495 2485 2561 2541 de
2598 2483 2796 2555 appell.

1475 2565 1753 2639 quidquid
1790 2571 1929 2624 nova
1978 2567 2097 2637 lege
2132 2563 2434 2637 specialiter
2473 2579 2583 2621 non
2624 2572 2705 2621 est
2742 2577 2798 2618 e-

1480 2661 1759 2718 xpressum
1774 2688 1791 2711 ,
1828 2646 1886 2705 id
1924 2656 2167 2703 veterum
2215 2645 2427 2715 legum,
2462 2640 2798 2703 constitutio·

1475 2740 1723 2799 numque
1745 2724 1949 2799 tegulis
1968 2723 2221 2783 relicum
2244 2720 2497 2795 intelligi.
