3327 5214
38 326 41 349 .-
38 148 44 303 v..-.-
37 0 48 121 ’,ἡ

509 184 624 243 211
1327 178 1648 241 HUGONIS
1690 181 2005 239 nolimu
2044 178 2416 239 COMBOEN'I'.
3055 184 3148 243 m

513 289 570 345 in
598 304 661 344 eo
691 288 748 343 ut
776 282 908 343 certi
944 285 1114 343 simus
1153 286 1222 343 de
1257 286 1424 359 ipsius
1451 288 1683 361 potentia
1703 329 1716 350 ,
1754 304 1835 343 sa-

507 366 743 439 pientia,
767 365 1008 437 justitia,
1037 365 1093 421 in
1125 366 1316 437 primis
1339 375 1520 424 autem
1565 366 1835 431 bonitate,

1910 294 2035 342 sunt
2078 286 2206 349 nei,
2255 286 2363 343 sive
2390 300 2513 359 quai
2534 285 2747 361 proprie
2784 292 2897 343 sunt
2916 284 3035 357 ejus,
3062 288 3153 345 site

1912 380 2035 437 quoe
2059 366 2109 423 ci
2148 366 2435 422 debentur.
2460 364 2638 431 Quam
2680 362 2767 421 bic
2804 364 3043 430 tetulisse,
3072 364 3151 422 ubi

511 454 564 501 et
591 444 960 502 misericordia
987 460 1112 515 erga
1141 461 1264 511 nos,
1292 460 1460 516 quam
1497 443 1653 501 nobis
1692 454 1839 515 pate·
1914 444 1981 498 de
2021 444 2143 517 J‘ure
2180 442 2362 508 civili,
2402 452 2455 499 et
2510 442 2957 500 constitutionibus
2989 442 3159 500 Princi-

511 523 640 579 fccit
667 524 726 581 in
757 521 902 584 filio,
937 523 1094 595 juxta
1138 524 1280 580 illud
1321 522 1550 581 Christi:
1594 522 1717 579 Hoec
1756 530 1832 580 est

509 607 624 657 vita
649 614 846 658 «eterna
862 642 876 663 ,
901 610 960 656 ue
984 608 1300 671 cognoscant
1323 608 1371 657 te
1394 618 1578 658 venem
1625 601 1797 657 Deum
1816 642 1829 665 ,

509 688 559 738 et
592 696 746 753 quem
785 682 975 736 misisti
997 681 1182 736 Jewm
1220 680 1504 738 Christum.
1543 681 1699 736 loan.
1744 679 1831 737 17.

509 759 864 816 Dilectionem
892 760 974 814 sui
1005 775 1034 813 a
1066 756 1222 815 nohis
1263 758 1406 816 hanc
1449 760 1687 831 postulat
1708 756 1831 828 jure

506 854 603 896 suo
620 880 634 902 ,
663 846 725 893 ut
753 854 806 894 se
833 852 1076 893 amemus
1100 852 1165 891 ex
1191 844 1300 894 toto
1325 838 1486 893 corde
1513 846 1697 892 nostro
1714 878 1728 900 ,
1766 852 1831 893 ex

510 924 620 973 tota
649 915 830 971 anima
865 925 1062 978 nostra,
1088 922 1227 971 et.ex
1255 914 1377 971 totis
1395 914 1600 971 viribus
1617 912 1828 971 nostris.

507 994 878 1051 Denter-onom.
905 994 958 1048 6.
985 992 1174 1049 Moab.
1202 994 1295 1049 22.
1325 992 1546 1049 Cultum
1585 990 1672 1049 his
1714 1008 1831 1049 ver·

505 1070 619 1131 bis:
649 1072 932 1128 Dominum
961 1071 1132 1126 Deum
1155 1078 1305 1125 tuum
1347 1069 1595 1127 adon-abc}
1612 1109 1627 1135 ,
1669 1078 1721 1127 et
1758 1072 1825 1125 it-

505 1150 621 1206 lnm
672 1152 843 1205 solum
891 1150 1040 1205 coles.
1095 1148 1469 1206 Deuteronom.
1523 1149 1577 1213 6,
1628 1159 1681 1205 et
1737 1149 1826 1205 10.

503 1227 703 1285 Matth.
744 1224 796 1283 4.
841 1228 936 1283 Est
963 1236 1143 1283 autem
1175 1224 1265 1283 hic
1304 1228 1485 1285 cultus
1519 1228 1723 1298 positus
1760 1226 1821 1283 in

505 1306 578 1381 (2)
602 1308 926 1363 invocatione
940 1321 1090 1375 pura
1115 1307 1344 1361 numnis
1367 1309 1508 1377 ejus,
1531 1310 1592 1361 in
1614 1308 1827 1376 qratia-

503 1402 626 1441 rum
665 1388 862 1440 actione
880 1424 894 1447 ‚
933 1392 984 1439 et
1020 1386 1080 1439 in
1118 1402 1219 1441 um
1259 1398 1439 1439 comm
1475 1392 1827 1442 sacramento-

501 1478 642 1527 rum,
655 1462 846 1535 quibus
869 1465 927 1517 in
955 1463 1052 1517 hac
1079 1462 1385 1532 infirmitate
1399 1466 1578 1520 carnis
1595 1465 1819 1532 inciam·-

500 1546 555 1597 η’
595 1559 689 1597 noe
707 1583 719 1605 ,
759 1550 810 1596 ct
841 1542 999 1610 fidem
1043 1550 1279 1597 nostram
1319 1541 1594 1611 obsiqnari
1631 1542 1819 1599 uoluit.

500 1619 900 1679 Invocationem
923 1660 936 1683 ‚
973 1630 1025 1674 et
1049 1620 1346 1691 gratiarum
1391 1620 1689 1685 actionem,
1724 1636 1819 1677 seu

503 1697 836 1756 sacrificium
874 1697 1052 1753 laudis
1091 1696 1201 1769 ipse
1242 1696 1412 1767 exigit
1464 1700 1669 1757 Psalm'.
1726 1700 1823 1757 50.

499 1780 848 1835 Sacramenta
873 1775 1116 1832 Christus
1153 1776 1210 1832 in
1253 1776 1488 1832 Ecclesia
1530 1794 1624 1832 sua
1668 1776 1824 1833 insti-

499 1852 604 1913 tuit
632 1856 704 1932 (3)
728 1855 859 1918 duo,
904 1854 1216 1922 baptismum
1235 1895 1249 1916 ,
1290 1861 1340 1909 et
1371 1872 1578 1911 caeram
1601 1872 1817 1911 coenam.

499 1934 580 1989 De
607 1932 876 2005 baptismo
901 1933 1220 1987 mandatum
1247 1932 1468 1988 Domini
1485 1936 1638 1989 'extat
1659 1935 1818 1991 Mau.

497 2013 597 2069 28.
621 2012 688 2067 de
714 2026 866 2067 coena
909 2012 1033 2066 Luc.
1073 2012 1166 2067 22.
1203 2010 1402 2066 Omnia
1447 2010 1560 2068 haec
1595 2020 1722 2068 sunt
1757 2014 1817 2071 in

497 2092 654 2147 cultu
687 2089 820 2153 Dei,
844 2088 888 2144 si
920 2091 987 2145 ad
1018 2092 1182 2145 linem
1209 2104 1368 2145 suum
1397 2090 1733 2153 referantur,
1761 2094 1817 2150 id

495 2175 573 2225 est
603 2170 674 2229 ad
702 2182 883 2224 veram
905 2209 919 2233 ,
944 2177 995 2223 et
1023 2184 1210 2239 puram
1256 2170 1534 2226 caritatem
1552 2208 1568 2233 ,
1594 2184 1658 2223 ac
1686 2169 1823 2228 dile-

495 2247 733 2304 ctionem
761 2246 889 2309 Dei,
913 2262 1076 2317 quem
1105 2248 1271 2302 tinem
1299 2246 1544 2303 mandati
1570 2262 1705 2312 esse,
1738 2251 1817 2307 ait

495 2326 815 2397 Apostolus,
845 2326 894 2382 1.
925 2328 997 2381 ad
1033 2326 1253 2381 Timoeh.
1294 2327 1342 2382 1.
1369 2340 1600 2396 eamque
1628 2327 1701 2381 ita
1733 2330 1824 2385 de-

494 2405 722 2466 scribit,
747 2419 870 2474 quae
897 2402 966 2461 sit
991 2422 1056 2461 ex
1084 2404 1244 2459 corde
1268 2420 1406 2476 puro
1425 2446 1438 2469 ,
1464 2411 1514 2462 et
1549 2406 1821 2463 conscien-

494 2484 567 2540 tia
601 2484 772 2547 bona,
796 2489 846 2538 et
875 2482 981 2539 fide
1007 2498 1116 2539 non
1145 2482 1268 2539 ficta
1292 2524 1306 2546 ,
1333 2488 1390 2539 ut
1419 2486 1477 2541 in
1505 2498 1717 2539 summa
1750 2486 1821 2543 sit

475 2565 539 2619 'is
566 2562 775 2626 cultus,
801 2574 962 2632 quem
991 2562 1236 2620 Christus
1263 2562 1416 2619 docet
1441 2563 1602 2620 loon.
1641 2558 1697 2621 4.
1734 2563 1819 2622 his

491 2641 699 2697 verbis:
727 2641 870 2698 Dm
895 2646 1114 2711 spiritus
1141 2648 1248 2702 est.
1286 2647 1336 2697 et
1373 2659 1488 2705 eor,
1525 2647 1624 2712 qui·
1655 2645 1817 2700 illum

491 2721 745 2782 adorant,
773 2729 970 2788 oportet
993 2725 1058 2777 in
1085 2722 1282 2792 spiritu
1299 2761 1314 2785 ,
1339 2727 1391 2777 et
1429 2725 1649 2778 veritato
1690 2725 1818 2786 ado-

487 2814 631 2854 rare.
659 2799 840 2870 Hujus
880 2799 1166 2862 doctrinae,
1205 2807 1366 2870 atque
1409 2802 1592 2856 cultus
1630 2816 1816 2860 caussa

489 2875 634 2935 Deus
661 2875 952 2935 Ecclesiam
979 2879 1094 2949 jam
1122 2895 1151 2934 a
1179 2877 1445 2949 principio
1473 2877 1669 2938 mundi
1708 2897 1817 2938 esse

487 2955 689 3022 voluit,
717 2957 774 3013 in
820 2971 928 3026 qua
969 2973 1030 3013 ea
1059 2957 1304 3014 doctrina
1345 2955 1655 3022 audiretur,
1693 2975 1814 3014 san-

487 3043 636 3091 ctum
669 3051 865 3092 nomen
893 3035 1010 3107 ejus
1041 3034 1411 3097 minaretur,
1437 3041 1488 3092 et
1513 3037 1813 3095 celebrare-

487 3119 593 3168 tur.
612 3113 744 3180 Quae
774 3113 894 3170 ideo
921 3122 1142 3171 vocatur
1168 3117 1352 3170 domus
1379 3115 1481 3170 Dei
1495 3154 1510 3178 ,
1542 3115 1589 3170 1.
1615 3117 1690 3172 ad
1723 3117 1813 3171 Ti-

486 3193 644 3248 moth.
687 3193 722 3248 3
767 3191 961 3262 Ephes.
1009 3195 1057 3249 1.
1097 3192 1568 3252 Administrantur
1603 3194 1687 3249 hae
1726 3211 1809 3251 res

484 3281 581 3341 per
623 3270 894 3336 homines,
934 3288 1072 3344 quos
1109 3272 1252 3328 idem
1281 3271 1424 3328 Deus
1463 3271 1521 3327 in
1564 3272 1805 3330 Ecclesia

481 3349 658 3404 voluit
689 3351 836 3405 verbi
865 3351 975 3414 sui,
997 3349 1286 3409 et'ordinis
1319 3349 1425 3405 sibi
1451 3351 1653 3421 accepti
1695 3367 1804 3408 esse

484 3426 786 3484 ministros:
813 3430 948 3485 alios
990 3433 1277 3501 apostolos,
1300 3427 1434 3488 alios
1473 3431 1763 3501 prophetas
1788 3473 1803 3501 ‚

488 3504 623 3562 alios
663 3506 930 3573 doctores„
973 3516 1026 3564 et
1067 3511 1110 3565 si
1146 3509 1240 3580 qui
1284 3513 1408 3564 sunt
1443 3507 1570 3574 alii,
1610 3509 1707 3580 qui
1748 3510 1804 3572 in

482 3599 714 3639 numero
761 3584 1133 3642 ministrorum
1171 3587 1322 3642 verbi
1364 3585 1462 3642 Dei
1503 3598 1807 3646 censentur.

487 3662 541 3717 1.
575 3664 692 3717 sor.
724 3661 811 3716 12.
839 3663 890 3718 1.
923 3665 1143 3724 Timoth.
1171 3665 1225 3721 3.
1251 3673 1303 3721 et
1327 3663 1595 3722 similibus
1618 3667 1766 3724 locis.

561 3741 660 3796 IX.
689 3740 818 3794 Haec
847 3740 956 3796 fere
980 3759 1189 3798 summa
1219 3753 1296 3800 est
1321 3743 1432 3815 ejus
1462 3744 1624 3814 juris,
1651 3748 1796 3817 quod

481 3819 724 3876 diuinum
767 3819 1099 3890 appellamus
1125 3865 1140 3889 ,
1179 3839 1374 3894 nempe
1415 3837 1636 3889 eorum,
1676 3841 1799 3897 quae

541 3973 619 4041 (α)
641 3973 722 4024 Aa
747 3973 1136 4027 invocationem
1165 3975 1380 4028 Domini
1413 3977 1598 4042 justam
1621 3986 1799 4028 actua-

479 4041 584 4090 lem
605 4081 621 4105 ,
655 4043 768 4090 sive
803 4057 1053 4105 operum,
1085 4043 1311 4108 denique
1345 4043 1478 4092 bona
1515 4059 1670 4107 opera
1712 4063 1798 4096 ae-

476 4107 659 4158 cedere
692 4122 896 4157 necesse
929 4117 1027 4161 est.
1052 4109 1201 4161 Jesus
1233 4109 1477 4161 Cin-istus
1509 4109 1797 4172 Sei-vator,

476 4191 534 4222 ac
569 4181 861 4239 praeceptor
897 4181 1074 4224 noster
1100 4177 1302 4228 Mauh.
1329 4181 1574 4228 V11.·21.
1600 4174 1673 4226 ita
1702 4193 1797 4226 nos

477 4239 659 4291 docet:
701 4245 820 4292 Λόη
853 4245 1022 4290 omm‘s
1043 4278 1062 4302 ‚
1095 4245 1189 4309 qui
1221 4242 1358 4295 deficit
1398 4245 1534 4295 mihi
1552 4265 1568 4294 :
1609 4240 1795 4291 Domi-

476 4319 543 4350 ne
562 4342 574 4362 ,
603 4303 851 4366 Domine,
877 4307 1105 4356 innubit
1144 4310 1200 4358 in
1228 4311 1470 4376 Regnum
1497 4311 1793 4364 (Icelon-um:

477 4367 572 4419 sed
605 4389 694 4438 qui
730 4373 884 4442 fucit
921 4375 1248 4424 voluntatem
1283 4379 1476 4427 Patr-is
1521 4379 1622 4428 mei
1645 4409 1662 4434 ,
1698 4377 1797 4440 qui

475 4439 536 4484 in
571 4439 721 4487 ecelis
755 4448 868 4500 est,
909 4442 1018 4507 ipse
1051 4441 1280 4490 intr-abit
1309 4445 1370 4492 in
1411 4444 1652 4508 Regnum
1678 4445 1793 4490 (1ae-

473 4499 669 4550 lorum.
709 4500 791 4552 De
823 4504 1129 4554 necessitate
1157 4505 1412 4558 bonorum
1438 4500 1652 4572 oper'um
1680 4504 1792 4554 vid.

473 4557 595 4640 Em.
633 4562 941 4618 Bcltarmin.
979 4571 1196 4642 Disput·
1231 4573 1299 4624 de
1335 4579 1594 4628 controv.
1631 4572 1794 4625 Chri-

475 4639 640 4680 stian.
681 4633 808 4683 ch.
850 4639 1002 4686 Tom-
1033 4642 1138 4690 111.
1169 4641 1427 4701 contr-pv.
1453 4639 1702 4708 general·
1742 4642 1793 4691 3-

475 4695 730 4746 Commu.
756 4701 1122 4768 Principal.2.
1138 4701 1206 4753 de
1227 4705 1658 4774 Justificatione,
1683 4707 1792 4760 Lib-

473 4759 578 4811 IV·
611 4757 699 4812 Cl.
733 4757 878 4814 Bert.
917 4769 976 4818 L·
1011 4785 1058 4818 c.
1099 4769 1214 4820 Lib·
1241 4771 1390 4825 XIX
1419 4775 1555 4839 Cap.
1589 4771 1642 4822 5.
1676 4769 1729 4820 6.

1907 538 2055 594 pum,
2085 538 2193 579 non
2223 524 2289 579 de
2319 522 2477 577 verbo
2495 522 2595 577 Dei
2610 520 2809 593 agitur,
2834 520 2931 576 buc
2954 520 3157 592 pertinet.

1910 599 1999 657 Sic
2023 600 2171 657 enim
2200 601 2296 657 ista
2324 610 2453 657 sunt
2477 617 2544 657 ex
2574 601 2717 671 lege,
2746 608 2795 655 et
2818 600 3047 655 mandato
3066 598 3159 655 nei:

1910 686 1973 736 ut
1988 688 2167 737 tamen
2184 679 2251 737 sit
2278 681 2541 735 bonorum
2560 680 2968 749 magistratuum,
2983 678 3161 749 etprin-

1906 758 2087 829 cipum
2117 756 2255 813 tueri
2282 757 2449 827 legem
2468 798 2485 823 ,
2509 774 2572 813 ac
2612 759 2929 813 voluntatem
2956 754 3062 811 Dei:
3082 770 3161 811 nec

1909 844 2123 895 tantum
2162 836 2454 892 secundam
2497 837 2741 894 tabulam
2760 874 2777 899 ,
2800 849 2917 905 quae
2938 834 2999 889 de
3020 832 3166 903 proxi-

1904 931 1995 971 mo
2022 915 2278 987 praecipit,
2302 916 2395 972 sed
2421 924 2476 971 et
2504 915 2752 986 primam,
2776 928 2893 984 qim
2916 921 2987 967 est
3010 912 3069 967 de
3088 910 3163 965 ho·

1904 1010 2051 1057 nore,
2074 1002 2127 1049 et
2152 995 2305 1049 cultu
2334 992 2449 1051 Dei.
2480 994 2599 1049 Hac
2624 991 2773 1048 enim
2800 991 2963 1061 gratia
2986 989 3169 1045 ordina-

1902 1072 1943 1131 ti
1980 1082 2108 1128 sunt
2144 1089 2175 1127 a
2216 1072 2355 1137 Deo,
2392 1080 2446 1128 et
2490 1074 2563 1129 ob
2600 1072 2741 1127 hanc
2780 1070 2941 1142 ipsam
2962 1082 3167 1124 caussam

1900 1151 2151 1223 gladium
2176 1160 2386 1221 gerunt,
2414 1160 2473 1207 ut
2502 1158 2725 1207 testatur
2750 1148 3033 1222 Apostolus.
3048 1146 3173 1199 non.

1902 1230 1991 1287 13.
2016 1230 2172 1297 Quod
2214 1238 2267 1287 et
2310 1228 2367 1285 in
2395 1229 2563 1285 veteri
2584 1227 2821 1285 Ecclesia
2854 1224 3173 1296 proestiteruut

1900 1306 2033 1364 boni
2074 1308 2425 1381 Imperatores
2462 1304 2757 1363 Christiani
2784 1304 2937 1360 multi
2954 1344 2969 1368 ,
2988 1311 3036 1358 et
3058 1300 3172 1371 quid

1900 1387 1959 1443 in
2005 1402 2065 1443 ea
2106 1404 2167 1443 re
2206 1387 2403 1443 servari
2455 1385 2685 1450 vellent,
2738 1379 3177 1440 omstitutionibus

1893 1476 2209 1523 sanxerunt.
2242 1465 2373 1533 Quae
2396 1480 2524 1520 eum
2556 1464 2669 1521 sint
2694 1462 2763 1518 de
2798 1462 2956 1517 rebus
2986 1461 3051 1517 ad
3080 1459 3177 1513 cul-

1894 1556 2015 1601 tum
2042 1544 2173 1609 Dei,
2202 1554 2255 1601 et
2292 1542 2607 1615 religionem
2646 1541 3053 1615 pertinentibus,
3088 1550 3179 1593 nou

1894 1623 2005 1679 alio
2046 1636 2185 1680 recte
2211 1632 2454 1697 possunt,
2492 1637 2660 1693 quam
2702 1620 2775 1675 ad
2816 1620 2907 1691 jus
2936 1617 3183 1677 divinum,

1898 1703 2055 1774 cujus
2078 1702 2267 1759 tuendi
2294 1718 2473 1759 caussa
2490 1706 2816 1773 comparatae
2838 1704 2976 1760 sunt,
3004 1694 3182 1750 referri.

1900 1782 2081 1851 Atque
2104 1797 2179 1835 eie
2204 1786 2355 1843 sunt,
2379 1796 2501 1852 quai
2517 1779 2757 1835 collectae
2786 1794 2819 1833 a
2846 1772 3189 1847 Compositori-

1894 1860 1997 1915 bus
2020 1858 2313 1925 Codiciset
2338 1859 2393 1915 in
2424 1858 2573 1915 hunc
2600 1857 2856 1914 ordinem
2886 1857 3055 1911 relatae
3081 1858 3185 1907 suut

1894 1938 1951 1993 in
1980 1937 2232 1995 Codicem
2249 1980 2264 2005 ‚
2288 1937 2447 2009 eujus
2470 1938 2591 1994 ideo
2616 1936 2861 2009 primam
2888 1943 3085 2008 partem
3120 1946 3191 1985 ae·

1899 2027 2174 2086 ceperunt.

1974 2094 2046 2152 X.
2074 2096 2137 2151 In
2168 2096 2253 2153 his
2276 2094 2319 2151 si
2346 2096 2667 2168 quaerimus,
2688 2094 2835 2167 quid
2864 2098 2963 2148 aut
2994 2090 3049 2146 in
3072 2088 3193 2144 ordi·

1897 2188 1967 2228 ne
1990 2174 2392 2247 compositionis
2416 2176 2596 2247 sequi,
2634 2184 2735 2230 aut
2774 2172 2840 2229 in
2882 2188 2943 2227 re
2978 2169 3085 2243 ipse
3108 2184 3200 2223 ser·

1894 2266 2049 2316 vare,
2078 2253 2244 2325 inque
2270 2270 2333 2309 eo
2354 2254 2724 2324 cognoscendo
2752 2251 3007 2309 laborare
3030 2246 3199 2303 debea-

1898 2344 2044 2395 mus,
2072 2348 2137 2389 ex
2176 2333 2289 2395 bis,
2312 2350 2435 2405 quae
2462 2332 2528 2389 de
2556 2332 2657 2389 hoc
2678 2332 2817 2403 jure
2840 2346 2910 2387 ex
2936 2328 3093 2383 verbo
3116 2323 3201 2381 Dei

1894 2424 2057 2481 supra
2111 2414 2427 2476 retulimus,
2463 2411 2623 2468 statui
2665 2418 2851 2481 potest
2882 2424 2898 2471 3
2934 2421 3097 2478 quam
3142 2402 3201 2457 ad

1894 2502 2008 2543 rem
2034 2506 2245 2546 summa
2287 2491 2529 2561 superior
2552 2486 2839 2561 spectavit.
2874 2486 3119 2543 Primum
3154 2480 3203 2536 in

1898 2564 2009 2624 illis
2032 2570 2503 2644 constitutionibus
2538 2567 2885 2625 collocandis
2920 2580 3045 2622 eum
3082 2560 3211 2620 ordi·

1893 2661 2023 2703 nem
2042 2689 2057 2713 ,
2082 2659 2133 2706 et
2157 2649 2346 2706 seriem
2374 2649 2815 2705 animadvertere
2842 2657 3133 2717 possumus:
3158 2649 3206 2696 ut

1892 2725 1963 2780 ad
2002 2728 2295 2800 superiores
2334 2735 2511 2799 partes
2542 2723 2680 2800 juris
2722 2743 2759 2782 a
2804 2723 2977 2781 nobis
3007 2719 3215 2792 expositi

1894 2815 2038 2861 recto
2065 2806 2259 2862 ordine
2282 2808 2620 2870 referantur,
2640 2819 2765 2876 quo
2794 2803 2989 2862 minus
3016 2799 3219 2868 dubita-

1892 2881 1941 2938 ri
1980 2893 2180 2955 potest,
2204 2891 2257 2942 et
2284 2895 2421 2945 recte
2446 2901 2555 2941 esse
2578 2883 2919 2944 collocatas,
2952 2888 3009 2936 et
3044 2879 3113 2936 ad
3142 2877 3218 2948 ius

1890 2961 2031 3018 illud
2057 2964 2306 3032 divinum
2326 3005 2340 3030 ,
2364 2966 2509 3038 quod
2539 2962 2792 3041 diximus
2810 3003 2826 3026 ,
2854 2969 3034 3020 totum
3072 2957 3221 3016 refer·

1886 3039 1955 3097 ri.
1982 3041 2199 3098 Primus
2222 3044 2369 3098 enim
2394 3043 2529 3099 ordo
2554 3053 2631 3099 est
2654 3039 2865 3098 earum
2886 3081 2905 3103 ,
2944 3054 3071 3110 (ιω
3105 3039 3219 3092 suut

1887 3117 1955 3173 de
1978 3121 2251 3190 doctrina,
2275 3133 2327 3177 et
2352 3123 2504 3178 cultu
2534 3121 2629 3178 Dei
2646 3162 2660 3184 ,
2690 3121 2757 3179 in
2783 3135 3017 3177 summa
3062 3117 3131 3173 de
3168 3113 3225 3169 li-

1885 3197 1967 3253 de.
1994 3199 2273 3258 Secundus
2298 3217 2506 3264 earum,
2528 3216 2652 3271 quie
2676 3209 2825 3256 sunt
2852 3201 2929 3256 de
2956 3192 3223 3252 Eoetoeiis.

1882 3289 2177 3350 earumque
2218 3277 2525 3351 privilegiis.
2561 3277 2795 3335 Tertius
2838 3289 3073 3340 earum,
3110 3285 3223 3346 qun

1878 3363 2005 3410 sunt
2060 3357 2129 3412 de
2165 3357 2466 3430 Episcopis,
2506 3367 2561 3412 et
2594 3357 2873 3419 clei-icis,
2927 3355 2988 3412 id
3042 3362 3121 3410 eet
3168 3351 3233 3406 do

1882 3434 2142 3491 ministris
2175 3435 2454 3502 Ecclesiae,
2492 3437 2703 3512 quique
2742 3436 2824 3492 ad
2866 3429 3229 3489 ministeriun

1884 3511 2139 3572 destinati
2198 3523 2325 3572 sunt
2355 3557 2369 3580 ‚
2432 3516 2609 3586 deque
2660 3531 2877 3572 mrum
2936 3505 3237 3584 praemgatt-

1882 3592 1990 3656 vis,
2040 3600 2290 3664 potestate
2308 3635 2322 3660 ,
2370 3593 2833 3652 immunitatibus
2858 3633 2876 3656 ,
2918 3597 2976 3648 et
3026 3587 3235 3660 privile·

1880 3671 1995 3740 giis.
2048 3671 2283 3738 Quartus
2300 3713 2313 3736 ,
2362 3682 2415 3729 ct
2464 3684 2775 3743 postremus
2830 3687 2935 3728 eas
2990 3665 3241 3728 continu.

1877 3767 1999 3822 quoe
2048 3759 2176 3807 sunt
2228 3751 2478 3808 adversus
2527 3769 2629 3813 eos,
2676 3751 2791 3822 qui
2852 3767 3005 3807 νει-ω
3056 3741 3245 3802 doctri-

1877 3845 1960 3886 nae
1978 3871 1992 3896 ,
2017 3837 2068 3886 et
2096 3829 2343 3887 Ecclesiae
2368 3827 2465 3886 Dei
2492 3831 2907 3894 adversantur,
2932 3823 3247 3886 bantium·

1938 3981 2014 4048 (3)
2054 3981 2151 4034 ms
2184 3983 2379 4034 duobus
2414 3981 2791 4036 Suet-amentis
2830 3979 3089 4034 addenda
3123 3979 3245 4026 ⁸⁰⁰²

1876 4047 1977 4097 alia
2012 4049 2265 4117 quinque.
2302 4047 2381 4100 Ut
2402 4049 2545 4100 enim
2576 4045 2739 4098 Fides
2766 4047 3057 4102 catholica
3080 4044 3254 4118 doci-⁵²2·

1874 4122 2073 4178 Septem
2098 4117 2317 4166 omnino
2342 4125 2467 4166 sunt.
2486 4115 2859 4195 Sacramenta
2889 4131 3053 4164 novin
3082 4115 3254 4174 Legis,

1875 4182 2271 4298 Essssrfii'iiiffi
2316 4177 3259 4314 ¹¹5,13?;¹.325¹·‹⁴÷;‚33.3¹.t...⁸‘c-:22'323'12531

1874 4313 2147 4375 nitentiae,
2184 4310 2555 4372 Eucharistiae,
2582 4309 2874 4362 Exti-emm
2910 4307 3259 4380 Uoc-tionis,

1874 4375 2123 4439 Ordinis,
2147 4386 2201 4428 et
2218 4377 2577 4430 Matrimonii.
2598 4377 2736 4428 vid.
2757 4376 2901 4427 Em.
2922 4375 3261 4426 Beliarmin·

1880 4449 1937 4498 L.
1971 4465 2019 4496 c.
2048 4449 2203 4498 Tom.
2234 4449 2312 4498 11.
2336 4449 2593 4501 Controv.
2631 4447 2924 4514 general.
2975 4459 3027 4492 ι.
3064 4439 3141 4492 de
3164 4439 3267 4487 Sa·

1872 4509 2166 4562 ‹br-amentis
2202 4513 2262 4562 in
2298 4528 2494 4580 genere
2530 4511 2643 4562 Lib.
2682 4511 2787 4560 ΙΙ.
2830 4513 2992 4576 Cap.
3032 4509 3122 4557 23.
3153 4521 3267 4570 seq·

1874 4589 1925 4625 et
1948 4581 2204 4628 Coun-ov.
2232 4577 2488 4629 General.
2524 4589 2573 4623 α.
2599 4589 2649 4625 et
2670 4593 2737 4624 se
2780 4593 2847 4643 q.
2878 4571 2980 4624 Cl.
3016 4569 3173 4622 Bett-
3204 4571 3271 4618 L·

1873 4661 1921 4693 c.
1960 4643 2073 4692 Lib.
2111 4643 2302 4698 XXX.
2325 4647 2459 4714 Cap.
2488 4641 2538 4691 5.
2578 4641 2631 4690 6.
2656 4645 2719 4688 et
2806 4641 2899 4694 ib.
2926 4639 3187 4696 xxxt-
3220 4645 3275 4685 et

1873 4727 2017 4779 seqq·
