3327 5214
456 135 570 218 ios
1267 129 1588 192 nunonis
1627 127 1947 190 nomn
1978 125 2357 188 mmm.
3018 131 3113 192 w.

455 239 708 312 procedat
761 235 1038 312 usucapio:
1075 237 1130 295 d.
1181 233 1244 294 L.
1281 238 1336 296 2.
1374 237 1433 312 S.
1485 240 1533 294 ri
1585 253 1622 291 a
1666 251 1771 308 pu-

446 319 621 391 pillo,
663 317 726 373 D.
754 333 863 388 pro
901 325 1056 388 eope.

533 396 606 452 11.
645 395 768 452 Non
807 403 992 452 tamen
1025 401 1090 451 ut
1127 393 1370 464 superior
1401 391 1592 463 regula
1631 392 1692 450 in
1714 409 1777 449 o·

455 475 682 532 mnibus
717 473 989 546 personis,
1021 482 1076 529 et
1113 471 1312 528 caussis
1350 469 1619 543 generalis
1666 481 1771 529 est:

455 553 532 608 ita
582 555 649 609 ad
699 568 895 609 omnes
939 553 1107 624 leges,
1145 565 1472 620 omnemque
1521 549 1777 619 ignoran-

450 630 592 686 tiam
637 631 884 702 pertinet.
921 632 1046 685 Jam
1085 627 1326 700 primum
1367 629 1675 685 meminisse
1722 646 1779 684 o-

453 717 659 781 portet,
697 710 844 781 quod
885 709 1044 763 initio
1085 707 1301 770 monui,
1343 722 1456 762 non
1511 707 1779 778 pertinere

451 803 577 844 eam
618 788 688 843 ad
727 803 815 843 eas
851 787 1016 857 leges,
1053 785 1257 856 quibus
1308 785 1442 858 quid
1497 785 1779 844 constitui·-

455 873 552 921 tur
589 865 752 922 etiam
793 866 1046 922 adversus
1083 863 1405 934 ignorantes.
1443 863 1586 920 Nam
1600 904 1616 929 ,
1650 881 1777 921 cum

455 943 543 998 lex
579 943 638 999 in
681 944 840 1016 culpa
879 943 1046 998 etiam
1083 941 1448 1013 ignorantiam
1501 941 1644 998 facti.
1678 959 1777 1016 pu-

457 1023 568 1077 niri
609 1022 772 1078 velit:
811 1021 1112 1078 absurdum
1150 1027 1226 1076 est
1262 1019 1404 1085 dici,
1443 1019 1586 1075 banc
1625 1021 1779 1094 igno-

457 1099 694 1156 rantiam
757 1099 1017 1170 cuiquam
1066 1099 1310 1170 prodesse
1361 1100 1614 1156 adversus
1663 1115 1776 1157 ma-

457 1179 712 1234 nifestam
739 1178 1056 1234 sententiam
1095 1176 1246 1248 legis.
1283 1177 1366 1234 Ita
1404 1177 1456 1233 ei
1482 1177 1697 1247 regulae,
1722 1190 1777 1236 et

457 1257 554 1316 toti
597 1256 726 1332 huic
751 1254 1034 1328 qumioni
1069 1255 1137 1311 de
1161 1257 1502 1313 excusatione
1527 1255 1779 1328 ignorau-

459 1335 546 1392 tiae
587 1333 1000 1406 intelligendum
1053 1342 1157 1398 cst,
1206 1334 1380 1390 solum
1435 1335 1614 1390 locum
1670 1352 1778 1393 eme

457 1415 520 1471 in
563 1412 632 1469 iis
669 1413 912 1484 legibus,
935 1411 1138 1484 quibus
1161 1412 1296 1483 quid
1322 1413 1574 1470 adversus
1609 1413 1779 1470 scien-

457 1501 536 1550 toe
573 1491 952 1558 constituitur,
1005 1498 1068 1548 ut
1121 1490 1328 1556 verbis,
1365 1499 1462 1548 aut
1513 1492 1775 1550 sententia

458 1569 592 1641 legis
629 1569 939 1640 ignorantia
993 1569 1063 1626 sit
1115 1577 1392 1635 excusata;
1431 1569 1578 1626 unde
1629 1585 1778 1641 quau

455 1649 556 1706 stio
595 1648 926 1713 inducatur,
961 1659 1129 1720 quam
1171 1647 1534 1718 ignorantiam
1572 1648 1775 1722 accipe-

457 1743 516 1784 re
555 1727 862 1784 debeamus.
899 1728 978 1782 De
1016 1741 1128 1797 quo
1163 1726 1290 1783 satis
1327 1726 1442 1782 dixi
1479 1733 1654 1783 antea.

535 1805 636 1861 111.
675 1805 782 1862 Sed
821 1813 873 1862 et
913 1805 969 1860 in
997 1804 1084 1860 his
1108 1803 1236 1874 ipsis
1261 1805 1504 1876 legibus,
1529 1806 1626 1862 etsi
1653 1821 1781 1862 con·

455 1890 592 1944 stat,
633 1883 1002 1954 ignorantiam
1043 1882 1170 1938 sacti
1209 1885 1270 1942 in
1309 1883 1528 1956 primis»,
1572 1892 1626 1942 et
1662 1883 1779 1944 sine

457 1961 788 2019 hesitatione
839 1959 1208 2033 accipiendam
1247 1979 1388 2027 esse,
1427 1962 1572 2016 unde
1621 1978 1777 2034 supe—

457 2040 572 2096 rior
609 2041 796 2110 regula
835 2047 960 2095 nata
999 2047 1100 2096 est:
1140 2047 1320 2096 tamen
1361 2055 1430 2096 ne
1467 2040 1618 2096 omni
1654 2041 1777 2112 qui-

447 2119 583 2177 'dem
621 2118 938 2189 ignorantias
976 2117 1104 2174 facti
1145 2118 1247 2178 hoc
1286 2117 1568 2184 tribuitur,
1604 2135 1675 2174 ne
1712 2137 1777 2182 ex

453 2197 722 2254 sententia
761 2197 896 2268 legis
950 2211 1062 2254 non
1117 2203 1320 2256 noceat.
1369 2197 1573 2270 Supina
1625 2197 1778 2269 igno-

457 2274 638 2331 rantia
677 2285 892 2347 excepta
933 2285 1040 2340 est,
1079 2291 1206 2333 cum
1255 2277 1380 2350 quis
1433 2292 1677 2340 summa,
1716 2293 1777 2336 ac

457 2369 631 2410 crassa
679 2355 1008 2425 negligentia
1041 2396 1057 2419 ,
1105 2362 1202 2410 aut
1261 2353 1434 2412 nimia
1497 2354 1778 2415 securitate

455 2431 594 2503 quid
637 2432 868 2503 ignorat.
909 2428 969 2488 L.
1007 2449 1100 2488 nec
1137 2437 1361 2503 supina,
1389 2435 1450 2491 L.
1474 2435 1686 2504 recula,
1719 2435 1778 2506 S.

455 2511 548 2567 sed
580 2512 744 2585 sacti:
782 2511 846 2568 D.
885 2512 949 2566 de
977 2515 1094 2583 jur.
1133 2520 1182 2568 et
1217 2513 1342 2587 fact.
1377 2515 1491 2583 ion.
1515 2513 1675 2580 Quod
1703 2511 1775 2588 (2)

457 2596 593 2645 tunc
632 2589 752 2646 fieri
795 2588 1085 2657 delinitur,
1125 2606 1250 2648 cum
1290 2590 1414 2663 quis
1465 2607 1520 2649 se
1565 2591 1781 2663 ignora-

457 2684 516 2724 re
553 2667 716 2737 dicit,
755 2670 903 2741 quod
953 2684 1142 2732 omnes
1193 2668 1254 2725 in
1308 2670 1523 2729 civitate
1571 2671 1778 2738 sciunt3

455 2755 555 2803 ant
579 2746 793 2817 ignorat
817 2764 936 2803 eam
967 2764 1080 2804 rem
1098 2787 1113 2810 ,
1138 2763 1306 2819 quam
1343 2748 1628 2820 diligentia
1668 2764 1779 2807 mo-

455 2827 642 2882 derata
684 2824 1012 2899 inquirendo
1049 2833 1237 2882 notam
1274 2825 1474 2885 habere
1512 2828 1777 2901 potuisset.

453 2906 507 2960 d.
545 2905 608 2960 L.
644 2907 870 2977 reyula,
909 2905 968 2977 3.
1005 2907 1096 2961 sed
1133 2906 1280 2979 facti.
1321 2905 1424 2972 Ut,
1462 2908 1578 2977 lege
1625 2906 1777 2963 Julia

454 2983 622 3055 Papia
662 2992 884 3040 cautum
923 2990 1032 3048 est,
1072 2998 1140 3039 ne
1179 2984 1402 3041 Senator
1438 2985 1610 3043 sciens
1651 2986 1777 3045 dolo

455 3063 604 3119 malo
661 3078 880 3120 uxorem
934 3063 1098 3119 ducat
1159 3062 1493 3119 libertinam.
1547 3064 1608 3121 L.
1659 3065 1777 3133 leqe

455 3142 646 3204 Iulia,
685 3141 752 3198 D.
791 3144 856 3199 de
896 3146 988 3197 n't.
1025 3150 1171 3213 nupt.
1211 3142 1384 3199 Duxit
1421 3142 1681 3212 ignorans
1708 3143 1775 3199 li—

455 3219 728 3276 bertinam
769 3236 892 3277 esse.
933 3219 992 3276 Si
1031 3236 1144 3292 qua
1183 3219 1290 3277 fuit
1329 3236 1486 3293 poena
1527 3221 1780 3279 adversus

451 3295 710 3353 scientem
740 3300 856 3370 lege
880 3298 1172 3355 constituta
1213 3298 1356 3374 (suit
1393 3307 1576 3356 autem
1613 3316 1679 3356 ex
1706 3299 1781 3355 le-

453 3390 520 3447 ge
556 3375 707 3431 Julia
749 3376 945 3448 Papia,
984 3383 1048 3432 ut
1089 3377 1231 3435 iuter
1269 3379 1522 3451 conjuges
1554 3378 1645 3451 jus
1692 3394 1781 3435 ca-

455 3454 644 3525 piendi
684 3472 750 3510 ex
789 3462 1104 3513 testamento
1142 3473 1253 3514 non
1295 3465 1452 3522 esset,
1493 3464 1554 3513 ut
1591 3464 1671 3513 est
1720 3456 1781 3512 in

456 3532 679 3602 Fraym.
713 3530 837 3605 Ulp.
879 3536 979 3591 Tit.
1003 3535 1066 3589 dc
1093 3532 1266 3592 Solia.
1287 3550 1406 3605 cap.
1420 3535 1468 3610 ):
1503 3552 1616 3591 non
1657 3552 1777 3593 eva-

455 3610 548 3667 det
587 3610 684 3666 iste
723 3611 868 3668 banc
905 3624 1121 3684 poenam
1141 3654 1155 3677 ‚
1193 3613 1546 3684 quantumvis
1569 3630 1778 3671 caussa·

455 3697 544 3747 tus
580 3689 947 3760 ignorantiam
974 3690 1102 3747 sacti
1122 3731 1136 3755 ,
1171 3691 1215 3747 si
1255 3698 1350 3747 aut
1375 3692 1628 3749 libertina
1657 3691 1775 3757 fuit,

453 3782 624 3840 quarn
665 3770 882 3839 publice
918 3784 1104 3826 omnes
1141 3769 1364 3837 scirent,
1403 3768 1562 3827 fuisse
1601 3770 1776 3828 filiam

453 3845 594 3903 servi
632 3845 880 3914 Caesaris,
919 3857 1015 3905 aut
1051 3848 1266 3905 ancillae
1317 3852 1602 3920 Augustae,
1655 3864 1777 3922 pro-

451 3925 584 3983 inde
623 3942 772 3983 nuuc
821 3944 1042 4001 quoque
1095 3926 1354 3984 ancillam
1395 3942 1532 3984 esse:
1569 3938 1697 3993 aut,
1734 3926 1781 3985 si

453 4004 787 4061 manumissa
825 4016 929 4071 cst,
968 4022 1080 4063 non
1119 4022 1268 4079 posse
1303 4022 1412 4064 esse
1447 4006 1554 4063 nisi
1609 4007 1773 4063 liber-

453 4084 658 4139 tinam:
685 4092 780 4141 aut
806 4084 973 4141 etiam
1011 4085 1070 4141 in
1112 4084 1334 4157 privatoe
1357 4085 1685 4142 conditionis
1709 4088 1773 4142 li·

453 4162 668 4219 bertina
707 4164 752 4219 si
793 4179 906 4221 non
945 4164 1203 4221 sustinuit
1244 4164 1471 4221 Senator
1495 4163 1775 4235 inquirere

453 4243 538 4297 vel
579 4258 644 4297 ex
683 4258 746 4299 ea
766 4284 780 4307 ,
818 4245 903 4299 vel
943 4260 1010 4300 ex
1050 4243 1238 4302 amicis
1255 4283 1269 4308 ‚
1309 4251 1404 4300 aut
1443 4244 1778 4316 propinquis,

451 4334 590 4375 num
629 4332 762 4379 esset
799 4322 1071 4381 libertina.
1123 4322 1282 4391 Quod
1320 4322 1366 4379 si
1405 4321 1639 4389 fecisset,
1676 4332 1779 4379 sta·

485 4526 592 4613 00)
627 4520 858 4573 Duaren.
895 4523 972 4575 ad
1005 4524 1138 4576 Bab.
1175 4526 1272 4576 hoc
1319 4526 1410 4575 tit.
1455 4522 1556 4573 huc
1601 4519 1773 4572 refert

408 4610 418 4617 -
459 4598 480 4633 ι
553 4586 909 4649 ignorantiam
945 4588 1075 4639 facti
1122 4588 1367 4656 proprii,
1417 4592 1480 4641 L.
1521 4586 1627 4656 fin.
1674 4606 1775 4651 pro

454 4668 582 4710 sno,
619 4654 680 4702 L.
749 4670 1034 4721 numquam
1057 4692 1073 4715 ,
1110 4670 1159 4723 7.
1196 4654 1273 4704 ad
1303 4658 1406 4708 SC.
1445 4656 1594 4706 Vell.
1627 4652 1686 4703 2⁰
1722 4672 1778 4701 a·

452 4714 584 4765 lieni
609 4716 716 4782 pub
741 4716 818 4767 icc
841 4718 1082 4784 cogniti,
1117 4724 1178 4772 L.
1211 4718 1260 4771 8.
1294 4716 1342 4787 ς.
1381 4734 1430 4769 2.
1454 4720 1510 4771 h.
1535 4732 1577 4771 t.
1603 4722 1666 4771 L.
1693 4733 1775 4768 22.

1848 235 1949 294 tim
1988 235 2056 292 de
2094 233 2405 292 conditione
2440 217 2554 306 eius
2584 247 2866 304 cognocere
2886 235 3115 306 potuisset.

1848 313 1944 372 Est
1980 314 2128 370 enim
2166 323 2399 385 utraque
2434 313 2629 385 supina
2654 311 2940 382 ignorantia
2962 329 3019 368 ex
3040 316 3118 372 de-

1848 391 2097 450 finitione
2130 395 2437 466 superiore.
2490 407 2613 462 qua
2668 390 2921 460 ignoranti
2969 402 3119 462 patm-

1848 471 2021 528 cinari
2058 487 2169 528 non
2211 471 2384 528 debet.
2410 471 2478 528 Et
2504 471 2575 526 ad
2601 468 2897 540 hujusmodi
2920 471 3115 539 speciem

1850 557 2089 624 aptatam
2114 567 2223 606 esse
2260 549 2552 606 verisimile
2588 556 2667 604 est
2702 545 3043 602 definitionem
3072 553 3121 606 d.

1856 629 1919 686 L.
1954 643 2045 683 nse
2082 631 2304 698 supina,
2340 629 2405 684 de
2440 631 2562 698 jur.
2598 632 2649 683 et
2682 627 2805 700 fact.
2838 627 2943 693 iyn.
2976 641 3119 697 quam

1855 723 1921 762 ex
1962 706 2310 778 inscriptione
2360 706 2618 777 scriptam
2664 719 2773 760 oese
2822 712 3019 774 apparet
3062 705 3121 760 ad

1854 785 2028 854 legem
2068 785 2277 841 Juliam
2316 794 2370 842 et
2405 784 2649 856 Papiam.
2688 780 2779 838 Sic
2831 789 2879 836 et
2930 781 2983 836 in
3020 799 3127 838 usu-

1852 863 2074 934 capione
2098 865 2182 919 vol
2190 879 2364 927 umus,
2376 863 2661 934 procedere
2688 858 3043 930 usucapionem
3069 861 3129 926 ei,

1850 941 1951 1013 qui
1988 959 2019 999 a
2060 942 2269 1014 pupillo
2292 941 2426 998 emit
2457 939 2575 997 sine
2614 938 2803 996 tutoris
2836 938 3132 1004 minoritate,

1850 1019 1895 1076 si
1936 1021 2197 1092 puberem
2252 1020 2457 1092 putavit
2492 1019 2553 1078 in
2593 1018 2733 1075 facto
2768 1032 2959 1072 errans.
2998 1017 3045 1072 d.
3078 1017 3131 1074 L.

1852 1099 1905 1155 2.
1944 1101 2003 1172 5.
2040 1103 2089 1157 ss·
2125 1114 2164 1154 a
2194 1099 2409 1172 pupillo
2438 1113 2545 1169 pro
2592 1103 2744 1166 empt.
2784 1094 2897 1150 Hoc
2932 1094 2997 1150 ita
3020 1093 3131 1158 erit,

1850 1177 1953 1234 nisi
1992 1177 2185 1249 supina
2226 1177 2533 1248 ignorantia
2570 1176 2621 1232 ei
2658 1173 2971 1246 objiciatur,
2992 1171 3134 1244 quod,

1854 1271 1981 1312 cum
2020 1257 2105 1313 vel
2144 1258 2215 1314 ab
2256 1255 2400 1328 ipso,
2422 1257 2507 1312 vel
2534 1272 2564 1310 a
2599 1253 2822 1315 vicinis,
2858 1259 2909 1306 et
2945 1249 3137 1323 propin-

1854 1335 1979 1405 quis
2016 1334 2083 1391 de
2108 1343 2263 1397 oetate
2286 1335 2401 1406 ejus
2422 1347 2740 1405 cognoscere
2764 1327 3023 1404 potuisset,
3040 1345 3135 1384 non

1854 1412 2133 1484 inquisiit,
2170 1423 2224 1472 et
2259 1429 2315 1470 se
2354 1414 2412 1469 in
2452 1430 2515 1470 eo
2552 1425 2733 1468 errare
2772 1411 2949 1481 passus
2980 1415 3064 1463 est

1931 1493 2027 1553 lv,
2064 1493 2171 1550 Sed
2189 1535 2205 1558 ,
2242 1507 2369 1548 cum
2410 1493 2495 1548 lex
2536 1491 2605 1550 de
2654 1485 2956 1560 ignorantia
3000 1501 3139 1556 gene-

1852 1570 2039 1626 raliter
2074 1573 2269 1644 scripta
2308 1569 2407 1634 sit,
2444 1586 2555 1641 quo
2592 1569 2757 1624 verbo
2806 1563 3139 1638 ignorantiam

1852 1646 1976 1706 facti
2014 1651 2203 1706 saltem
2242 1649 2510 1706 contineri
2548 1647 2791 1704 fatentur
2826 1660 3025 1701 ornnes:
3056 1659 3142 1697 cur

1856 1735 2055 1783 contra·
2080 1729 2260 1785 ·verba
2316 1727 2691 1798 ignorantiam.
2737 1724 2867 1780 sacti
2910 1721 3145 1793 supinam

1854 1805 2191 1876 excipimus?
2229 1806 2372 1874 Quia
2411 1806 2526 1862 baec
2562 1803 2869 1876 ignorantia
2896 1817 2990 1872 pro
3012 1799 3147 1871 igno-

1853 1884 2035 1941 rantia
2075 1886 2323 1943 habenda
2366 1899 2477 1942 non
2504 1893 2605 1949 est,
2630 1881 2911 1953 magisque
2952 1880 3012 1945 in
3044 1878 3145 1934 doli

1852 1963 2210 2034 suspicionem
2248 1963 2409 2020 cadit.
2450 1961 2523 2019 Ut
2560 1961 2739 2018 dicere
2774 1960 3009 2016 solemus
3033 1998 3047 2024 ,
3082 1957 3151 2012 la·

1854 2048 1968 2097 tam
2005 2045 2222 2114 culpam
2272 2042 2398 2099 dolo
2436 2041 2770 2114 comparari,
2822 2047 2983 2110 atque
3030 2035 3148 2092 adeo

1856 2119 2045 2178 dolum
2086 2137 2211 2178 esse.
2251 2121 2311 2178 L.
2356 2121 2404 2177 1.
2444 2120 2503 2194 §-
2546 2118 2596 2177 1.
2635 2117 2701 2176 D.
2740 2119 2793 2174 sc·
2830 2133 2993 2172 mem.
3038 2115 3151 2190 fuls.

1852 2201 1989 2256 mod.
2012 2201 2128 2257 aix.
2174 2201 2229 2259 L.
2266 2201 2407 2271 quod
2446 2197 2663 2262 Nerva,
2688 2195 2753 2254 D.
2778 2197 2957 2263 depos.
2994 2193 3151 2250 Idem·

1852 2294 1961 2351 que
2001 2279 2091 2334 hic
2130 2279 2219 2341 fit,
2256 2279 2405 2349 quod
2444 2276 2503 2333 in
2544 2285 2713 2333 metu.
2754 2276 2964 2332 Praetor
3010 2287 3154 2343 gene-

1854 2355 2039 2416 raliter
2090 2356 2253 2422 dicit,
2300 2356 2451 2428 quod
2502 2365 2675 2412 metus
2724 2367 2914 2410 caussa
2966 2359 3157 2422 gestum

1854 2435 1955 2502 sit,
1990 2452 2047 2492 se
2096 2443 2277 2491 ratum
2330 2451 2441 2490 non
2496 2433 2840 2491 habiturum.
2896 2431 2951 2488 L.
3009 2430 3056 2484 1.
3100 2427 3157 2482 D.

1854 2517 1996 2586 quod
2020 2522 2141 2570 met.
2176 2531 2319 2570 caiis.
2343 2514 2527 2570 Placet
2550 2523 2733 2570 tamen
2748 2553 2762 2576 ,
2792 2524 2995 2566 vanum
3022 2507 3161 2564 timo-

1856 2610 1973 2649 rem
2038 2594 2108 2649 ad
2177 2591 2413 2650 edictum
2478 2607 2589 2649 non
2654 2589 2967 2663 pertinere,
3020 2586 3077 2649 L.
3110 2585 3156 2641 5.

1856 2680 1907 2729 ot
1944 2674 1998 2729 6.
2036 2674 2147 2729 eod.
2185 2675 2265 2729 tit.
2316 2671 2547 2734 scilicet,
2598 2669 2735 2743 quia
2778 2670 2910 2726 vani
2966 2665 3165 2724 timoris

1818 2752 2009 2808 -uulla
2047 2751 2115 2808 sit
2152 2750 2451 2808 excusatio:
2489 2759 2651 2821 atque
2690 2748 2821 2805 ideo
2849 2746 3024 2810 nulla,
3045 2744 3163 2818 quia

1850 2829 1975 2901 jure
2014 2846 2111 2902 pro
2150 2829 2307 2885 nullo
2352 2829 2420 2886 sit
2468 2827 2771 2885 habendus.
2830 2827 2889 2883 L.
2936 2828 3064 2879 vimi
3108 2820 3167 2913 1)ὅ

1850 2908 1917 2965 ds
1954 2924 2070 2978 req.
2102 2911 2221 2979 jur.
2262 2908 2352 2964 Sic
2386 2916 2440 2963 et
2476 2923 2602 2963 cum
2643 2906 2731 2961 lex
2772 2904 2995 2975 aliquid
3030 2902 3169 2973 igno-

1855 2987 2104 3044 rantibus
2140 2986 2360 3052 tribuit,
2398 2986 2497 3043 etsi
2536 2986 2603 3042 de
2651 2983 2973 3055 ignorantia
3022 2995 3171 3053 gene-

1854 3064 2043 3122 raliter
2088 3065 2283 3136 scripta
2332 3073 2437 3120 est:
2477 3073 2657 3120 tamen
2696 3063 2897 3118 eodem
2936 3058 3170 3131 exemplo

1854 3144 2219 3215 ignorantiam
2256 3143 2542 3216 supinam,
2579 3140 2843 3214 quamvis
2900 3140 3063 3203 facti,
3098 3154 3172 3193 re-

1855 3230 1939 3278 cte
1962 3222 2318 3294 excipiemus,
2354 3222 2487 3293 quia
2528 3220 2643 3277 haec
2680 3236 2801 3275 non
2856 3228 2939 3275 est
2990 3218 3172 3291 proba·

1856 3299 2013 3366 bilis:
2052 3317 2164 3357 non
2202 3316 2299 3361 ea.
2334 3315 2458 3372 quae
2508 3314 2609 3371 pro
2661 3298 2987 3369 ignorantia
3026 3310 3175 3353 excu-

1856 3378 1963 3435 sari
2005 3379 2197 3436 debeat
2212 3418 2228 3445 ,
2276 3394 2405 3435 cum
2458 3378 2679 3450 propius
2730 3378 2808 3434 ad
2866 3376 3063 3433 dolum
3098 3389 3175 3430 ac-

1856 3457 2029 3513 cedat.

1930 3536 2001 3593 V.
2044 3534 2309 3607 Reliquus
2346 3534 2471 3593 t'acti
2512 3550 2693 3600 error,
2748 3543 2815 3591 ut
2864 3536 3075 3608 justus,
3122 3529 3175 3585 in

1852 3628 1915 3670 ea
1954 3628 2136 3671 caussa
2176 3625 2287 3677 est,
2326 3624 2387 3671 ut
2422 3629 2491 3669 ex
2542 3613 2929 3685 superioribus
2974 3610 3181 3683 legibus

1853 3690 1999 3748 nulli
2040 3708 2319 3766 unquam,
2357 3698 2453 3750 aut
2490 3693 2605 3749 ulla
2648 3692 2707 3748 in
2748 3708 2949 3749 caussa
2984 3697 3179 3746 noceat.

1853 3770 1967 3827 Nec
2014 3769 2351 3829 contrarium
2388 3779 2495 3834 est,
2532 3770 2685 3843 quod
2738 3770 2961 3828 dicitur
3016 3769 3073 3825 in
3124 3764 3180 3821 I..

1854 3864 2033 3913 error,
2078 3850 2138 3905 C.
2175 3850 2241 3905 de
2270 3853 2390 3922 jur.
2430 3856 2480 3906 ct
2515 3852 2641 3924 fact.
2679 3854 2800 3921 iym
2842 3862 3089 3905 errorem
3116 3844 3185 3901 fa-

1856 3928 1960 3994 cti,
2000 3928 2233 3985 necdum
2272 3927 2430 3985 finito
2468 3926 2718 3999 negotio,
2755 3928 2986 3985 nemini
3034 3939 3185 3981 noce-

1850 4022 1940 4063 m:
1979 4022 2161 4063 caussa
2214 4017 2395 4064 autem
2450 4007 2629 4065 decisa
2646 4048 2660 4071 ,
2712 4006 3037 4064 velamento
3092 4000 3185 4061 tali

1852 4100 1964 4143 non
2004 4085 2313 4143 instaurari.
2352 4085 2472 4141 Hoc
2510 4085 2659 4141 enirn
2686 4084 2767 4141 sic
2796 4083 3188 4158 accipiendum

1852 4172 1957 4229 est,
1995 4172 2058 4222 nt
2094 4164 2141 4222 si
2178 4165 2237 4219 in
2278 4164 2465 4235 aliquo
2502 4163 2755 4235 negotio,
2794 4164 3027 4235 putria
3064 4174 3186 4216 con-

1854 4242 2089 4300 dictione
2143 4242 2373 4300 indebiti
2418 4259 2516 4315 pcr
2568 4258 2815 4299 errorem
2870 4241 3073 4303 soluti,
3122 4238 3192 4293 de

1858 4321 1961 4380 hac
1983 4322 2097 4395 ipsa
2136 4336 2195 4377 re
2236 4321 2379 4381 inter
2418 4322 2630 4395 aliquos
2668 4319 3047 4379 controversia
3082 4318 3193 4374 fue-

1850 4522 1920 4573 de
1950 4526 2016 4575 V.
2039 4526 2095 4576 S.
2120 4520 2181 4575 3⁰
2204 4521 2556 4591 ignorantiam
2590 4522 2741 4596 ejus,
2776 4518 2933 4596 quod
2958 4516 3095 4569 scire
3117 4520 3195 4563 te-

1852 4602 2212 4709 naming-'segnis
2256 4588 2478 4643 habetur
2512 4604 2611 4657 pro
2644 4592 2904 4641 scientia.
2940 4588 3008 4639 L.
3043 4582 3099 4637 5·
3128 4578 3199 4633 de
