<?xml version="1.0" encoding="UTF-8"?>
<!DOCTYPE html PUBLIC "-//W3C//DTD XHTML 1.0 Transitional//EN"
    "http://www.w3.org/TR/xhtml1/DTD/xhtml1-transitional.dtd">
<html xmlns="http://www.w3.org/1999/xhtml" xml:lang="en" lang="en">
 <head>
  <title>
</title>
<meta http-equiv="Content-Type" content="text/html;charset=utf-8" />
  <meta name='ocr-system' content='tesseract 3.04.00' />
  <meta name='ocr-capabilities' content='ocr_page ocr_carea ocr_par ocr_line ocrx_word'/>
</head>
<body>
  <div class='ocr_page' id='page_1' title='image "./hugonisdonellio00riccgoog_0080.png"; bbox 0 0 3327 5214; ppageno 0'>
   <div class='ocr_carea' id='block_1_1' title="bbox 203 144 310 204">
    <p class='ocr_par' dir='ltr' id='par_1_1' title="bbox 203 144 310 204">
     <span class='ocr_line' id='line_1_1' title="bbox 203 144 310 204; baseline 0.019 -2"><span class='ocrx_word' id='word_1_1' title='bbox 203 144 310 204; x_wconf 75' lang='lat'><strong>19¹</strong></span> 
     </span>
    </p>
   </div>
   <div class='ocr_carea' id='block_1_2' title="bbox 934 140 2157 206">
    <p class='ocr_par' dir='ltr' id='par_1_2' title="bbox 934 140 2157 206">
     <span class='ocr_line' id='line_1_2' title="bbox 934 140 2157 206; baseline 0.001 -4"><span class='ocrx_word' id='word_1_2' title='bbox 934 141 1030 202; x_wconf 79' lang='lat' dir='ltr'><strong>DE</strong></span> <span class='ocrx_word' id='word_1_3' title='bbox 1067 143 1250 202; x_wconf 75' lang='lat' dir='ltr'><strong>Imm</strong></span> <span class='ocrx_word' id='word_1_4' title='bbox 1288 140 1509 204; x_wconf 63' lang='lat' dir='ltr'><strong>mvn]</strong></span> <span class='ocrx_word' id='word_1_5' title='bbox 1566 143 1697 204; x_wconf 71' lang='lat' dir='ltr'><strong>[m.</strong></span> <span class='ocrx_word' id='word_1_6' title='bbox 1732 145 1777 202; x_wconf 86' lang='lat'><strong>1.</strong></span> <span class='ocrx_word' id='word_1_7' title='bbox 1816 143 1967 206; x_wconf 77' lang='lat' dir='ltr'><strong>CAP.</strong></span> <span class='ocrx_word' id='word_1_8' title='bbox 2004 145 2157 206; x_wconf 74' lang='lat' dir='ltr'><strong>xlv.</strong></span> 
     </span>
    </p>
   </div>
   <div class='ocr_carea' id='block_1_3' title="bbox 2793 145 2908 204">
    <p class='ocr_par' dir='ltr' id='par_1_3' title="bbox 2793 145 2908 204">
     <span class='ocr_line' id='line_1_3' title="bbox 2793 145 2908 204; baseline 0 0"><span class='ocrx_word' id='word_1_9' title='bbox 2793 145 2908 204; x_wconf 73' lang='lat'><strong>122</strong></span> 
     </span>
    </p>
   </div>
   <div class='ocr_carea' id='block_1_4' title="bbox 197 249 2910 323">
    <p class='ocr_par' dir='ltr' id='par_1_4' title="bbox 197 249 2910 323">
     <span class='ocr_line' id='line_1_4' title="bbox 197 249 2910 323; baseline 0.001 -15"><span class='ocrx_word' id='word_1_10' title='bbox 197 253 398 309; x_wconf 78' lang='lat' dir='ltr'><strong>casibus</strong></span> <span class='ocrx_word' id='word_1_11' title='bbox 429 259 600 308; x_wconf 80' lang='lat' dir='ltr'><strong>certos</strong></span> <span class='ocrx_word' id='word_1_12' title='bbox 637 249 902 323; x_wconf 80' lang='lat' dir='ltr'><strong>quosdam</strong></span> <span class='ocrx_word' id='word_1_13' title='bbox 945 250 1272 308; x_wconf 78' lang='lat' dir='ltr'><strong>nominatim</strong></span> <span class='ocrx_word' id='word_1_14' title='bbox 1297 265 1507 321; x_wconf 75' lang='lat' dir='ltr'><strong>exprea-</strong></span> <span class='ocrx_word' id='word_1_15' title='bbox 1581 252 1817 322; x_wconf 64' lang='lat' dir='ltr'><strong>Jusmodi</strong></span> <span class='ocrx_word' id='word_1_16' title='bbox 1844 260 1955 314; x_wconf 78' lang='lat' dir='ltr'><strong>est.</strong></span> <span class='ocrx_word' id='word_1_17' title='bbox 1980 261 2041 308; x_wconf 86' lang='lat' dir='ltr'><strong>ut</strong></span> <span class='ocrx_word' id='word_1_18' title='bbox 2081 267 2190 308; x_wconf 85' lang='lat' dir='ltr'><strong>non</strong></span> <span class='ocrx_word' id='word_1_19' title='bbox 2218 251 2413 308; x_wconf 81' lang='lat' dir='ltr'><strong>debeat</strong></span> <span class='ocrx_word' id='word_1_20' title='bbox 2435 249 2661 322; x_wconf 75' lang='lat' dir='ltr'><strong>produci</strong></span> <span class='ocrx_word' id='word_1_21' title='bbox 2686 249 2756 305; x_wconf 82' lang='lat' dir='ltr'><strong>ad</strong></span> <span class='ocrx_word' id='word_1_22' title='bbox 2782 265 2910 311; x_wconf 75' lang='lat' dir='ltr'><strong>con-</strong></span> 
     </span>
    </p>
   </div>
   <div class='ocr_carea' id='block_1_5' title="bbox 193 325 1506 392">
    <p class='ocr_par' dir='ltr' id='par_1_5' title="bbox 193 325 1506 392">
     <span class='ocr_line' id='line_1_5' title="bbox 193 325 1506 392; baseline 0 -6"><span class='ocrx_word' id='word_1_23' title='bbox 193 331 304 388; x_wconf 79' lang='lat' dir='ltr'><strong>sit?</strong></span> <span class='ocrx_word' id='word_1_24' title='bbox 327 331 442 388; x_wconf 85' lang='lat' dir='ltr'><strong>Non</strong></span> <span class='ocrx_word' id='word_1_25' title='bbox 469 331 686 386; x_wconf 77' lang='lat' dir='ltr'><strong>videtur</strong></span> <span class='ocrx_word' id='word_1_26' title='bbox 709 328 820 386; x_wconf 86' lang='lat' dir='ltr'><strong>alia</strong></span> <span class='ocrx_word' id='word_1_27' title='bbox 845 330 920 386; x_wconf 80' lang='lat' dir='ltr'><strong>de·</strong></span> <span class='ocrx_word' id='word_1_28' title='bbox 935 325 1122 384; x_wconf 71' lang='lat' dir='ltr'><strong>caussa</strong></span> <span class='ocrx_word' id='word_1_29' title='bbox 1138 367 1154 392; x_wconf 87' lang='lat'><strong>,</strong></span> <span class='ocrx_word' id='word_1_30' title='bbox 1189 329 1296 386; x_wconf 84' lang='lat' dir='ltr'><strong>nisi</strong></span> <span class='ocrx_word' id='word_1_31' title='bbox 1321 341 1384 384; x_wconf 87' lang='lat' dir='ltr'><strong>ut</strong></span> <span class='ocrx_word' id='word_1_32' title='bbox 1407 345 1506 386; x_wconf 67' lang='lat' dir='ltr'><strong>cm-</strong></span> 
     </span>
    </p>
   </div>
   <div class='ocr_carea' id='block_1_6' title="bbox 1583 328 2906 403">
    <p class='ocr_par' dir='ltr' id='par_1_6' title="bbox 1583 328 2906 403">
     <span class='ocr_line' id='line_1_6' title="bbox 1583 328 2906 403; baseline -0.001 -19"><span class='ocrx_word' id='word_1_33' title='bbox 1583 331 1905 400; x_wconf 77' lang='lat' dir='ltr'><strong>sequentias.</strong></span> <span class='ocrx_word' id='word_1_34' title='bbox 1932 331 2035 388; x_wconf 86' lang='lat' dir='ltr'><strong>Sed</strong></span> <span class='ocrx_word' id='word_1_35' title='bbox 2064 341 2117 388; x_wconf 88' lang='lat' dir='ltr'><strong>et</strong></span> <span class='ocrx_word' id='word_1_36' title='bbox 2137 331 2227 403; x_wconf 78' lang='lat' dir='ltr'><strong>jus</strong></span> <span class='ocrx_word' id='word_1_37' title='bbox 2238 347 2413 386; x_wconf 86' lang='lat' dir='ltr'><strong>comm</strong></span> <span class='ocrx_word' id='word_1_38' title='bbox 2423 347 2527 386; x_wconf 87' lang='lat' dir='ltr'><strong>une</strong></span> <span class='ocrx_word' id='word_1_39' title='bbox 2552 328 2789 400; x_wconf 75' lang='lat' dir='ltr'><strong>accipere</strong></span> <span class='ocrx_word' id='word_1_40' title='bbox 2814 328 2906 383; x_wconf 88' lang='lat' dir='ltr'><strong>de·-</strong></span> 
     </span>
    </p>
   </div>
   <div class='ocr_carea' id='block_1_7' title="bbox 191 406 2905 558">
    <p class='ocr_par' dir='ltr' id='par_1_7' title="bbox 191 406 2905 558">
     <span class='ocr_line' id='line_1_7' title="bbox 193 406 2904 480; baseline -0.001 -14"><span class='ocrx_word' id='word_1_41' title='bbox 193 419 330 466; x_wconf 79' lang='lat' dir='ltr'><strong>tems</strong></span> <span class='ocrx_word' id='word_1_42' title='bbox 349 409 668 465; x_wconf 78' lang='lat' dir='ltr'><strong>excluderet.</strong></span> <span class='ocrx_word' id='word_1_43' title='bbox 695 408 858 471; x_wconf 85' lang='lat' dir='ltr'><strong>Nam,</strong></span> <span class='ocrx_word' id='word_1_44' title='bbox 879 409 924 466; x_wconf 82' lang='lat' dir='ltr'><strong>si</strong></span> <span class='ocrx_word' id='word_1_45' title='bbox 951 407 1217 470; x_wconf 80' lang='lat' dir='ltr'><strong>voluisset,</strong></span> <span class='ocrx_word' id='word_1_46' title='bbox 1239 407 1504 464; x_wconf 76' lang='lat' dir='ltr'><strong>contineri</strong></span> <span class='ocrx_word' id='word_1_47' title='bbox 1585 409 1775 464; x_wconf 79' lang='lat' dir='ltr'><strong>bernus</strong></span> <span class='ocrx_word' id='word_1_48' title='bbox 1814 409 1888 474; x_wconf 90' lang='lat' dir='ltr'><strong>id,</strong></span> <span class='ocrx_word' id='word_1_49' title='bbox 1924 410 2071 480; x_wconf 84' lang='lat' dir='ltr'><strong>quod</strong></span> <span class='ocrx_word' id='word_1_50' title='bbox 2110 419 2225 480; x_wconf 77' lang='lat' dir='ltr'><strong>post</strong></span> <span class='ocrx_word' id='word_1_51' title='bbox 2254 409 2398 466; x_wconf 87' lang='lat' dir='ltr'><strong>istud</strong></span> <span class='ocrx_word' id='word_1_52' title='bbox 2422 408 2697 478; x_wconf 81' lang='lat' dir='ltr'><strong>singulare</strong></span> <span class='ocrx_word' id='word_1_53' title='bbox 2722 406 2904 462; x_wconf 85' lang='lat' dir='ltr'><strong>adhuc</strong></span> 
     </span>
     <span class='ocr_line' id='line_1_8' title="bbox 191 481 2905 558; baseline -0.003 -13"><span class='ocrx_word' id='word_1_54' title='bbox 191 496 416 552; x_wconf 64' lang='lat' dir='ltr'><strong>eeteros,</strong></span> <span class='ocrx_word' id='word_1_55' title='bbox 453 503 607 558; x_wconf 79' lang='lat' dir='ltr'><strong>aeque</strong></span> <span class='ocrx_word' id='word_1_56' title='bbox 643 486 946 558; x_wconf 80' lang='lat' dir='ltr'><strong>exprimere</strong></span> <span class='ocrx_word' id='word_1_57' title='bbox 969 493 1194 558; x_wconf 84' lang='lat' dir='ltr'><strong>poterat.</strong></span> <span class='ocrx_word' id='word_1_58' title='bbox 1217 481 1314 548; x_wconf 85' lang='lat' dir='ltr'><strong>Et,</strong></span> <span class='ocrx_word' id='word_1_59' title='bbox 1341 484 1391 543; x_wconf 68' lang='lat' dir='ltr'><strong>si,</strong></span> <span class='ocrx_word' id='word_1_60' title='bbox 1417 501 1506 542; x_wconf 83' lang='lat' dir='ltr'><strong>vo·</strong></span> <span class='ocrx_word' id='word_1_61' title='bbox 1581 497 1799 550; x_wconf 83' lang='lat' dir='ltr'><strong>manet,</strong></span> <span class='ocrx_word' id='word_1_62' title='bbox 1835 497 2033 544; x_wconf 81' lang='lat' dir='ltr'><strong>utnon</strong></span> <span class='ocrx_word' id='word_1_63' title='bbox 2058 496 2233 544; x_wconf 86' lang='lat' dir='ltr'><strong>totum</strong></span> <span class='ocrx_word' id='word_1_64' title='bbox 2258 487 2545 558; x_wconf 83' lang='lat' dir='ltr'><strong>posteriore</strong></span> <span class='ocrx_word' id='word_1_65' title='bbox 2586 485 2685 542; x_wconf 90' lang='lat' dir='ltr'><strong>isto</strong></span> <span class='ocrx_word' id='word_1_66' title='bbox 2719 485 2905 556; x_wconf 77' lang='lat' dir='ltr'><strong>singu-</strong></span> 
     </span>
    </p>
   </div>
   <div class='ocr_carea' id='block_1_8' title="bbox 191 565 1504 636">
    <p class='ocr_par' dir='ltr' id='par_1_8' title="bbox 191 565 1504 636">
     <span class='ocr_line' id='line_1_9' title="bbox 191 565 1504 636; baseline -0.002 -16"><span class='ocrx_word' id='word_1_67' title='bbox 191 567 329 622; x_wconf 82' lang='lat' dir='ltr'><strong>lebat</strong></span> <span class='ocrx_word' id='word_1_68' title='bbox 364 581 554 621; x_wconf 85' lang='lat' dir='ltr'><strong>omnes</strong></span> <span class='ocrx_word' id='word_1_69' title='bbox 575 566 815 636; x_wconf 79' lang='lat' dir='ltr'><strong>generali</strong></span> <span class='ocrx_word' id='word_1_70' title='bbox 843 565 1084 621; x_wconf 84' lang='lat' dir='ltr'><strong>oratione</strong></span> <span class='ocrx_word' id='word_1_71' title='bbox 1107 573 1358 622; x_wconf 84' lang='lat' dir='ltr'><strong>contenta</strong></span> <span class='ocrx_word' id='word_1_72' title='bbox 1397 581 1504 620; x_wconf 71' lang='lat' dir='ltr'><strong>ease</strong></span> 
     </span>
    </p>
   </div>
   <div class='ocr_carea' id='block_1_9' title="bbox 1581 563 2903 637">
    <p class='ocr_par' dir='ltr' id='par_1_9' title="bbox 1581 563 2903 637">
     <span class='ocr_line' id='line_1_10' title="bbox 1581 563 2903 637; baseline 0.001 -19"><span class='ocrx_word' id='word_1_73' title='bbox 1581 564 1685 620; x_wconf 87' lang='lat' dir='ltr'><strong>lari</strong></span> <span class='ocrx_word' id='word_1_74' title='bbox 1712 565 1954 627; x_wconf 81' lang='lat' dir='ltr'><strong>tollatur.</strong></span> <span class='ocrx_word' id='word_1_75' title='bbox 1990 566 2082 622; x_wconf 78' lang='lat' dir='ltr'><strong>scd</strong></span> <span class='ocrx_word' id='word_1_76' title='bbox 2108 564 2413 637; x_wconf 75' lang='lat' dir='ltr'><strong>exceptione</strong></span> <span class='ocrx_word' id='word_1_77' title='bbox 2453 571 2665 621; x_wconf 84' lang='lat' dir='ltr'><strong>tantum</strong></span> <span class='ocrx_word' id='word_1_78' title='bbox 2702 563 2903 636; x_wconf 86' lang='lat' dir='ltr'><strong>quibu-</strong></span> 
     </span>
    </p>
   </div>
   <div class='ocr_carea' id='block_1_10' title="bbox 187 641 2903 716">
    <p class='ocr_par' dir='ltr' id='par_1_10' title="bbox 187 641 2903 716">
     <span class='ocr_line' id='line_1_11' title="bbox 187 641 2903 716; baseline -0.001 -16"><span class='ocrx_word' id='word_1_79' title='bbox 187 653 414 716; x_wconf 80' lang='lat' dir='ltr'><strong>poterat,</strong></span> <span class='ocrx_word' id='word_1_80' title='bbox 444 655 504 700; x_wconf 88' lang='lat' dir='ltr'><strong>nt</strong></span> <span class='ocrx_word' id='word_1_81' title='bbox 529 643 709 700; x_wconf 81' lang='lat' dir='ltr'><strong>nullos</strong></span> <span class='ocrx_word' id='word_1_82' title='bbox 743 645 970 700; x_wconf 82' lang='lat' dir='ltr'><strong>omnino</strong></span> <span class='ocrx_word' id='word_1_83' title='bbox 993 643 1332 714; x_wconf 78' lang='lat' dir='ltr'><strong>exprimeret.</strong></span> <span class='ocrx_word' id='word_1_84' title='bbox 1357 641 1504 699; x_wconf 79' lang='lat' dir='ltr'><strong>Huic</strong></span> <span class='ocrx_word' id='word_1_85' title='bbox 1577 643 1731 699; x_wconf 70' lang='lat' dir='ltr'><strong>edam</strong></span> <span class='ocrx_word' id='word_1_86' title='bbox 1769 643 1833 700; x_wconf 83' lang='lat' dir='ltr'><strong>in</strong></span> <span class='ocrx_word' id='word_1_87' title='bbox 1872 645 2068 702; x_wconf 72' lang='lat' dir='ltr'><strong>caussis</strong></span> <span class='ocrx_word' id='word_1_88' title='bbox 2106 653 2445 716; x_wconf 74' lang='lat' dir='ltr'><strong>temperetur.</strong></span> <span class='ocrx_word' id='word_1_89' title='bbox 2470 644 2610 698; x_wconf 83' lang='lat' dir='ltr'><strong>Nam</strong></span> <span class='ocrx_word' id='word_1_90' title='bbox 2631 683 2643 704; x_wconf 91' lang='lat'>‚</span> <span class='ocrx_word' id='word_1_91' title='bbox 2666 642 2711 696; x_wconf 87' lang='lat' dir='ltr'><strong>si</strong></span> <span class='ocrx_word' id='word_1_92' title='bbox 2752 641 2903 714; x_wconf 77' lang='lat' dir='ltr'><strong>prius</strong></span> 
     </span>
    </p>
   </div>
   <div class='ocr_carea' id='block_1_11' title="bbox 149 722 1500 4399">
    <p class='ocr_par' dir='ltr' id='par_1_11' title="bbox 149 722 1500 4399">
     <span class='ocr_line' id='line_1_12' title="bbox 181 722 1495 794; baseline -0.001 -17"><span class='ocrx_word' id='word_1_93' title='bbox 181 722 466 794; x_wconf 81' lang='lat' dir='ltr'><strong>objectioni</strong></span> <span class='ocrx_word' id='word_1_94' title='bbox 520 723 824 778; x_wconf 80' lang='lat' dir='ltr'><strong>occurritur</strong></span> <span class='ocrx_word' id='word_1_95' title='bbox 871 722 1188 778; x_wconf 78' lang='lat' dir='ltr'><strong>definitione</strong></span> <span class='ocrx_word' id='word_1_96' title='bbox 1241 738 1302 777; x_wconf 88' lang='lat' dir='ltr'><strong>ea</strong></span> <span class='ocrx_word' id='word_1_97' title='bbox 1320 760 1336 784; x_wconf 87' lang='lat'><strong>,</strong></span> <span class='ocrx_word' id='word_1_98' title='bbox 1372 731 1495 793; x_wconf 74' lang='lat' dir='ltr'><strong>qum</strong></span> 
     </span>
     <span class='ocr_line' id='line_1_13' title="bbox 181 800 1498 871; baseline -0.002 -14"><span class='ocrx_word' id='word_1_99' title='bbox 181 801 412 858; x_wconf 87' lang='lat' dir='ltr'><strong>traditur</strong></span> <span class='ocrx_word' id='word_1_100' title='bbox 455 800 510 856; x_wconf 89' lang='lat' dir='ltr'><strong>in</strong></span> <span class='ocrx_word' id='word_1_101' title='bbox 547 800 606 856; x_wconf 70' lang='grc' dir='ltr'><strong>Ι..</strong></span> <span class='ocrx_word' id='word_1_102' title='bbox 655 815 822 871; x_wconf 66' lang='lat' dir='ltr'><strong>neque</strong></span> <span class='ocrx_word' id='word_1_103' title='bbox 849 801 990 870; x_wconf 60' lang='grc' dir='ltr'><strong>ἔφη</strong></span> <span class='ocrx_word' id='word_1_104' title='bbox 1006 839 1020 864; x_wconf 85' lang='grc'><em>,</em></span> <span class='ocrx_word' id='word_1_105' title='bbox 1043 810 1094 856; x_wconf 76' lang='lat' dir='ltr'><strong>et</strong></span> <span class='ocrx_word' id='word_1_106' title='bbox 1134 801 1194 856; x_wconf 90' lang='lat' dir='ltr'><strong>L.</strong></span> <span class='ocrx_word' id='word_1_107' title='bbox 1234 816 1344 856; x_wconf 69' lang='lat' dir='ltr'><strong>non</strong></span> <span class='ocrx_word' id='word_1_108' title='bbox 1372 815 1498 868; x_wconf 76' lang='lat' dir='ltr'><strong>pos-</strong></span> 
     </span>
     <span class='ocr_line' id='line_1_14' title="bbox 175 877 1496 950; baseline 0 -18"><span class='ocrx_word' id='word_1_109' title='bbox 175 887 322 940; x_wconf 71' lang='lat' dir='ltr'><strong>ml,</strong></span> <span class='ocrx_word' id='word_1_110' title='bbox 375 879 450 936; x_wconf 80' lang='grc' dir='ltr'><strong>Β.</strong></span> <span class='ocrx_word' id='word_1_111' title='bbox 493 881 558 934; x_wconf 76' lang='lat' dir='ltr'><strong>de</strong></span> <span class='ocrx_word' id='word_1_112' title='bbox 609 879 768 948; x_wconf 67' lang='lat' dir='ltr'><strong>quib.</strong></span> <span class='ocrx_word' id='word_1_113' title='bbox 821 879 1124 950; x_wconf 79' lang='lat' dir='ltr'><strong>Respondet</strong></span> <span class='ocrx_word' id='word_1_114' title='bbox 1162 895 1290 948; x_wconf 76' lang='lat' dir='ltr'><strong>ergo</strong></span> <span class='ocrx_word' id='word_1_115' title='bbox 1323 877 1496 934; x_wconf 80' lang='lat' dir='ltr'><strong>Julia-</strong></span> 
     </span>
     <span class='ocr_line' id='line_1_15' title="bbox 177 958 1500 1032; baseline -0.001 -21"><span class='ocrx_word' id='word_1_116' title='bbox 177 971 274 1012; x_wconf 84' lang='lat' dir='ltr'><strong>nus</strong></span> <span class='ocrx_word' id='word_1_117' title='bbox 345 958 426 1032; x_wconf 82' lang='lat'><strong>(5)</strong></span> <span class='ocrx_word' id='word_1_118' title='bbox 475 972 590 1014; x_wconf 87' lang='lat' dir='ltr'><strong>non</strong></span> <span class='ocrx_word' id='word_1_119' title='bbox 642 973 830 1012; x_wconf 86' lang='lat' dir='ltr'><strong>omnes</strong></span> <span class='ocrx_word' id='word_1_120' title='bbox 887 973 1038 1013; x_wconf 81' lang='lat' dir='ltr'><strong>casus</strong></span> <span class='ocrx_word' id='word_1_121' title='bbox 1074 996 1088 1018; x_wconf 89' lang='lat'><strong>,</strong></span> <span class='ocrx_word' id='word_1_122' title='bbox 1153 973 1262 1012; x_wconf 89' lang='lat' dir='ltr'><strong>non</strong></span> <span class='ocrx_word' id='word_1_123' title='bbox 1313 971 1500 1012; x_wconf 86' lang='lat' dir='ltr'><strong>omncs</strong></span> 
     </span>
     <span class='ocr_line' id='line_1_16' title="bbox 171 1033 1500 1108; baseline 0.001 -19"><span class='ocrx_word' id='word_1_124' title='bbox 171 1035 442 1099; x_wconf 75' lang='lat' dir='ltr'><strong>articulos,</strong></span> <span class='ocrx_word' id='word_1_125' title='bbox 457 1033 558 1108; x_wconf 76' lang='lat' dir='ltr'><strong>qui</strong></span> <span class='ocrx_word' id='word_1_126' title='bbox 575 1036 908 1108; x_wconf 77' lang='lat' dir='ltr'><strong>quandoque</strong></span> <span class='ocrx_word' id='word_1_127' title='bbox 930 1043 1107 1108; x_wconf 73' lang='lat' dir='ltr'><strong>postea</strong></span> <span class='ocrx_word' id='word_1_128' title='bbox 1129 1034 1370 1092; x_wconf 77' lang='lat' dir='ltr'><strong>incidere</strong></span> <span class='ocrx_word' id='word_1_129' title='bbox 1385 1050 1500 1104; x_wconf 84' lang='lat' dir='ltr'><strong>pos-</strong></span> 
     </span>
     <span class='ocr_line' id='line_1_17' title="bbox 169 1111 1499 1186; baseline 0 -18"><span class='ocrx_word' id='word_1_130' title='bbox 169 1123 316 1178; x_wconf 80' lang='lat' dir='ltr'><strong>sunt,</strong></span> <span class='ocrx_word' id='word_1_131' title='bbox 341 1114 532 1171; x_wconf 78' lang='lat' dir='ltr'><strong>verbis</strong></span> <span class='ocrx_word' id='word_1_132' title='bbox 563 1113 698 1184; x_wconf 80' lang='lat' dir='ltr'><strong>legis</strong></span> <span class='ocrx_word' id='word_1_133' title='bbox 729 1114 1114 1185; x_wconf 83' lang='lat' dir='ltr'><strong>comprehendi</strong></span> <span class='ocrx_word' id='word_1_134' title='bbox 1145 1129 1310 1186; x_wconf 76' lang='lat' dir='ltr'><strong>posse,</strong></span> <span class='ocrx_word' id='word_1_135' title='bbox 1333 1111 1499 1183; x_wconf 78' lang='lat' dir='ltr'><strong>signi·-</strong></span> 
     </span>
     <span class='ocr_line' id='line_1_18' title="bbox 167 1191 1492 1262; baseline 0 -16"><span class='ocrx_word' id='word_1_136' title='bbox 167 1191 332 1248; x_wconf 76' lang='lat' dir='ltr'><strong>iieans</strong></span> <span class='ocrx_word' id='word_1_137' title='bbox 371 1193 522 1248; x_wconf 82' lang='lat' dir='ltr'><strong>hane</strong></span> <span class='ocrx_word' id='word_1_138' title='bbox 561 1207 808 1248; x_wconf 79' lang='lat' dir='ltr'><strong>caussam</strong></span> <span class='ocrx_word' id='word_1_139' title='bbox 843 1207 967 1256; x_wconf 80' lang='lat' dir='ltr'><strong>esse,</strong></span> <span class='ocrx_word' id='word_1_140' title='bbox 989 1208 1091 1248; x_wconf 84' lang='lat' dir='ltr'><strong>eur</strong></span> <span class='ocrx_word' id='word_1_141' title='bbox 1115 1191 1344 1262; x_wconf 83' lang='lat' dir='ltr'><strong>quidam</strong></span> <span class='ocrx_word' id='word_1_142' title='bbox 1383 1207 1492 1246; x_wconf 89' lang='lat' dir='ltr'><strong>non</strong></span> 
     </span>
     <span class='ocr_line' id='line_1_19' title="bbox 165 1269 1497 1341; baseline 0.002 -18"><span class='ocrx_word' id='word_1_143' title='bbox 165 1270 579 1340; x_wconf 83' lang='lat' dir='ltr'><strong>exprimantur3</strong></span> <span class='ocrx_word' id='word_1_144' title='bbox 603 1285 714 1326; x_wconf 86' lang='lat' dir='ltr'><strong>non</strong></span> <span class='ocrx_word' id='word_1_145' title='bbox 755 1279 937 1327; x_wconf 85' lang='lat' dir='ltr'><strong>autem</strong></span> <span class='ocrx_word' id='word_1_146' title='bbox 973 1286 1121 1334; x_wconf 79' lang='lat' dir='ltr'><strong>eam,</strong></span> <span class='ocrx_word' id='word_1_147' title='bbox 1159 1285 1330 1341; x_wconf 81' lang='lat' dir='ltr'><strong>quam</strong></span> <span class='ocrx_word' id='word_1_148' title='bbox 1355 1269 1497 1326; x_wconf 80' lang='lat' dir='ltr'><strong>dixi·</strong></span> 
     </span>
     <span class='ocr_line' id='line_1_20' title="bbox 165 1348 1494 1421; baseline 0 -19"><span class='ocrx_word' id='word_1_149' title='bbox 165 1363 294 1413; x_wconf 80' lang='lat' dir='ltr'><strong>mus,</strong></span> <span class='ocrx_word' id='word_1_150' title='bbox 327 1358 390 1405; x_wconf 90' lang='lat' dir='ltr'><strong>ut</strong></span> <span class='ocrx_word' id='word_1_151' title='bbox 416 1349 519 1421; x_wconf 87' lang='lat' dir='ltr'><strong>qui</strong></span> <span class='ocrx_word' id='word_1_152' title='bbox 546 1349 777 1420; x_wconf 60' lang='lat' dir='ltr'><strong>expressi</strong></span> <span class='ocrx_word' id='word_1_153' title='bbox 807 1365 916 1404; x_wconf 90' lang='lat' dir='ltr'><strong>non</strong></span> <span class='ocrx_word' id='word_1_154' title='bbox 941 1358 1088 1410; x_wconf 84' lang='lat' dir='ltr'><strong>sunt.</strong></span> <span class='ocrx_word' id='word_1_155' title='bbox 1113 1348 1494 1405; x_wconf 81' lang='lat' dir='ltr'><strong>excludantur.</strong></span> 
     </span>
     <span class='ocr_line' id='line_1_21' title="bbox 161 1425 1494 1498; baseline -0.002 -16"><span class='ocrx_word' id='word_1_156' title='bbox 161 1425 318 1492; x_wconf 70' lang='lat' dir='ltr'><strong>Qnod</strong></span> <span class='ocrx_word' id='word_1_157' title='bbox 358 1443 474 1485; x_wconf 84' lang='lat' dir='ltr'><strong>non</strong></span> <span class='ocrx_word' id='word_1_158' title='bbox 517 1443 708 1484; x_wconf 73' lang='lat' dir='ltr'><strong>omnoe</strong></span> <span class='ocrx_word' id='word_1_159' title='bbox 735 1436 1020 1484; x_wconf 77' lang='lat' dir='ltr'><strong>enumerat</strong></span> <span class='ocrx_word' id='word_1_160' title='bbox 1058 1427 1332 1498; x_wconf 68' lang='lat' dir='ltr'><strong>legislator</strong></span> <span class='ocrx_word' id='word_1_161' title='bbox 1347 1465 1361 1490; x_wconf 88' lang='lat'><strong>,</strong></span> <span class='ocrx_word' id='word_1_162' title='bbox 1401 1441 1494 1482; x_wconf 84' lang='lat' dir='ltr'><strong>ne-</strong></span> 
     </span>
     <span class='ocr_line' id='line_1_22' title="bbox 159 1505 1491 1576; baseline -0.002 -16"><span class='ocrx_word' id='word_1_163' title='bbox 159 1505 410 1561; x_wconf 60' lang='lat' dir='ltr'><strong>musitata</strong></span> <span class='ocrx_word' id='word_1_164' title='bbox 443 1521 631 1562; x_wconf 84' lang='lat' dir='ltr'><strong>rerum</strong></span> <span class='ocrx_word' id='word_1_165' title='bbox 663 1508 895 1576; x_wconf 75' lang='lat' dir='ltr'><strong>cogitur,</strong></span> <span class='ocrx_word' id='word_1_166' title='bbox 917 1505 1048 1576; x_wconf 84' lang='lat' dir='ltr'><strong>quia</strong></span> <span class='ocrx_word' id='word_1_167' title='bbox 1075 1521 1174 1562; x_wconf 83' lang='lat' dir='ltr'><strong>nce</strong></span> <span class='ocrx_word' id='word_1_168' title='bbox 1211 1519 1402 1563; x_wconf 75' lang='lat' dir='ltr'><strong>omnes</strong></span> <span class='ocrx_word' id='word_1_169' title='bbox 1437 1520 1491 1558; x_wconf 72' lang='lat' dir='ltr'><strong>e-</strong></span> 
     </span>
     <span class='ocr_line' id='line_1_23' title="bbox 157 1583 1490 1656; baseline 0 -20"><span class='ocrx_word' id='word_1_170' title='bbox 157 1583 444 1640; x_wconf 79' lang='lat' dir='ltr'><strong>numerari</strong></span> <span class='ocrx_word' id='word_1_171' title='bbox 481 1592 721 1656; x_wconf 75' lang='lat' dir='ltr'><strong>possunt.</strong></span> <span class='ocrx_word' id='word_1_172' title='bbox 760 1585 883 1640; x_wconf 79' lang='lat' dir='ltr'><strong>Non</strong></span> <span class='ocrx_word' id='word_1_173' title='bbox 925 1599 1050 1654; x_wconf 75' lang='lat' dir='ltr'><strong>ergo</strong></span> <span class='ocrx_word' id='word_1_174' title='bbox 1073 1584 1318 1640; x_wconf 75' lang='lat' dir='ltr'><strong>consulto</strong></span> <span class='ocrx_word' id='word_1_175' title='bbox 1357 1598 1490 1652; x_wconf 84' lang='lat' dir='ltr'><strong>quo-</strong></span> 
     </span>
     <span class='ocr_line' id='line_1_24' title="bbox 155 1659 1486 1731; baseline -0.002 -16"><span class='ocrx_word' id='word_1_176' title='bbox 155 1661 304 1716; x_wconf 70' lang='lat' dir='ltr'><strong>ndam</strong></span> <span class='ocrx_word' id='word_1_177' title='bbox 334 1671 652 1726; x_wconf 81' lang='lat' dir='ltr'><strong>enumerat,</strong></span> <span class='ocrx_word' id='word_1_178' title='bbox 689 1671 754 1718; x_wconf 86' lang='lat' dir='ltr'><strong>ut</strong></span> <span class='ocrx_word' id='word_1_179' title='bbox 791 1662 1046 1718; x_wconf 79' lang='lat' dir='ltr'><strong>excludat</strong></span> <span class='ocrx_word' id='word_1_180' title='bbox 1079 1669 1322 1718; x_wconf 77' lang='lat' dir='ltr'><strong>caeteroe:</strong></span> <span class='ocrx_word' id='word_1_181' title='bbox 1359 1659 1486 1731; x_wconf 85' lang='lat' dir='ltr'><strong>quia</strong></span> 
     </span>
     <span class='ocr_line' id='line_1_25' title="bbox 155 1739 1486 1812; baseline -0.002 -19"><span class='ocrx_word' id='word_1_182' title='bbox 155 1739 298 1795; x_wconf 79' lang='lat' dir='ltr'><strong>inter</strong></span> <span class='ocrx_word' id='word_1_183' title='bbox 323 1751 595 1805; x_wconf 86' lang='lat' dir='ltr'><strong>coactum,</strong></span> <span class='ocrx_word' id='word_1_184' title='bbox 621 1750 674 1796; x_wconf 87' lang='lat' dir='ltr'><strong>ct</strong></span> <span class='ocrx_word' id='word_1_185' title='bbox 699 1740 1230 1812; x_wconf 47' lang='lat' dir='ltr'><strong>volentemmultum</strong></span> <span class='ocrx_word' id='word_1_186' title='bbox 1257 1740 1486 1796; x_wconf 81' lang='lat' dir='ltr'><strong>interest.</strong></span> 
     </span>
     <span class='ocr_line' id='line_1_26' title="bbox 157 1815 1486 1890; baseline 0.001 -18"><span class='ocrx_word' id='word_1_187' title='bbox 157 1815 222 1872; x_wconf 80' lang='lat' dir='ltr'><strong>Bt</strong></span> <span class='ocrx_word' id='word_1_188' title='bbox 255 1819 416 1889; x_wconf 80' lang='lat' dir='ltr'><strong>qnod</strong></span> <span class='ocrx_word' id='word_1_189' title='bbox 461 1819 639 1890; x_wconf 82' lang='lat' dir='ltr'><strong>aliqui</strong></span> <span class='ocrx_word' id='word_1_190' title='bbox 679 1827 1104 1880; x_wconf 77' lang='lat' dir='ltr'><strong>enumerantur,</strong></span> <span class='ocrx_word' id='word_1_191' title='bbox 1143 1833 1269 1876; x_wconf 90' lang='lat' dir='ltr'><strong>cum</strong></span> <span class='ocrx_word' id='word_1_192' title='bbox 1299 1832 1486 1874; x_wconf 76' lang='lat' dir='ltr'><strong>omnes</strong></span> 
     </span>
     <span class='ocr_line' id='line_1_27' title="bbox 149 1893 1485 1968; baseline 0.001 -17"><span class='ocrx_word' id='word_1_193' title='bbox 149 1893 328 1952; x_wconf 78' lang='lat' dir='ltr'><strong>omitti</strong></span> <span class='ocrx_word' id='word_1_194' title='bbox 356 1898 670 1968; x_wconf 86' lang='lat' dir='ltr'><strong>potuerint,</strong></span> <span class='ocrx_word' id='word_1_195' title='bbox 697 1895 872 1968; x_wconf 79' lang='lat' dir='ltr'><strong>magis</strong></span> <span class='ocrx_word' id='word_1_196' title='bbox 909 1897 1175 1968; x_wconf 82' lang='lat' dir='ltr'><strong>exempli,</strong></span> <span class='ocrx_word' id='word_1_197' title='bbox 1199 1903 1485 1952; x_wconf 63' lang='lat' dir='ltr'><strong>cruenten-</strong></span> 
     </span>
     <span class='ocr_line' id='line_1_28' title="bbox 157 1971 1478 2044; baseline -0.002 -15"><span class='ocrx_word' id='word_1_198' title='bbox 157 1972 236 2029; x_wconf 69' lang='lat' dir='ltr'><strong>tia</strong></span> <span class='ocrx_word' id='word_1_199' title='bbox 275 1971 608 2032; x_wconf 67' lang='lat' dir='ltr'><strong>indicandae</strong></span> <span class='ocrx_word' id='word_1_200' title='bbox 661 1991 844 2031; x_wconf 79' lang='lat' dir='ltr'><strong>caussa</strong></span> <span class='ocrx_word' id='word_1_201' title='bbox 885 1975 980 2037; x_wconf 79' lang='lat' dir='ltr'><strong>iit,</strong></span> <span class='ocrx_word' id='word_1_202' title='bbox 1017 1989 1186 2044; x_wconf 75' lang='lat' dir='ltr'><strong>quam</strong></span> <span class='ocrx_word' id='word_1_203' title='bbox 1238 1973 1374 2044; x_wconf 80' lang='lat' dir='ltr'><strong>legis</strong></span> <span class='ocrx_word' id='word_1_204' title='bbox 1409 1971 1478 2028; x_wconf 85' lang='lat' dir='ltr'><strong>ad</strong></span> 
     </span>
     <span class='ocr_line' id='line_1_29' title="bbox 153 2051 1478 2124; baseline 0.002 -18"><span class='ocrx_word' id='word_1_205' title='bbox 153 2053 540 2123; x_wconf 74' lang='lat' dir='ltr'><strong>oertnsspeeies</strong></span> <span class='ocrx_word' id='word_1_206' title='bbox 553 2052 965 2124; x_wconf 75' lang='lat' dir='ltr'><strong>adstringendoe.</strong></span> <span class='ocrx_word' id='word_1_207' title='bbox 981 2051 1154 2123; x_wconf 84' lang='lat' dir='ltr'><strong>quue</strong></span> <span class='ocrx_word' id='word_1_208' title='bbox 1171 2051 1242 2108; x_wconf 85' lang='lat' dir='ltr'><strong>ita</strong></span> <span class='ocrx_word' id='word_1_209' title='bbox 1270 2061 1478 2108; x_wconf 83' lang='lat' dir='ltr'><strong>certum</strong></span> 
     </span>
     <span class='ocr_line' id='line_1_30' title="bbox 155 2128 1480 2202; baseline -0.002 -18"><span class='ocrx_word' id='word_1_210' title='bbox 155 2129 276 2186; x_wconf 75' lang='lat' dir='ltr'><strong>facit</strong></span> <span class='ocrx_word' id='word_1_211' title='bbox 303 2130 452 2188; x_wconf 87' lang='lat' dir='ltr'><strong>ratio</strong></span> <span class='ocrx_word' id='word_1_212' title='bbox 476 2132 646 2202; x_wconf 75' lang='lat' dir='ltr'><strong>legis,</strong></span> <span class='ocrx_word' id='word_1_213' title='bbox 683 2139 737 2188; x_wconf 87' lang='lat' dir='ltr'><strong>et</strong></span> <span class='ocrx_word' id='word_1_214' title='bbox 759 2130 1037 2194; x_wconf 80' lang='lat' dir='ltr'><strong>sententia,</strong></span> <span class='ocrx_word' id='word_1_215' title='bbox 1069 2147 1194 2201; x_wconf 79' lang='lat' dir='ltr'><strong>quae</strong></span> <span class='ocrx_word' id='word_1_216' title='bbox 1219 2139 1374 2201; x_wconf 71' lang='lat' dir='ltr'><strong>ae‘que</strong></span> <span class='ocrx_word' id='word_1_217' title='bbox 1411 2128 1480 2184; x_wconf 84' lang='lat' dir='ltr'><strong>ad</strong></span> 
     </span>
     <span class='ocr_line' id='line_1_31' title="bbox 153 2209 1480 2281; baseline 0 -19"><span class='ocrx_word' id='word_1_218' title='bbox 153 2223 336 2264; x_wconf 79' lang='lat' dir='ltr'><strong>omnes</strong></span> <span class='ocrx_word' id='word_1_219' title='bbox 359 2209 612 2280; x_wconf 80' lang='lat' dir='ltr'><strong>pertinet.</strong></span> <span class='ocrx_word' id='word_1_220' title='bbox 640 2211 700 2266; x_wconf 77' lang='grc' dir='ltr'><strong>Ι..</strong></span> <span class='ocrx_word' id='word_1_221' title='bbox 730 2210 780 2265; x_wconf 82' lang='grc'><strong>1.</strong></span> <span class='ocrx_word' id='word_1_222' title='bbox 803 2211 865 2281; x_wconf 66' lang='lat' dir='ltr'><strong>S.</strong></span> <span class='ocrx_word' id='word_1_223' title='bbox 888 2210 1030 2280; x_wconf 73' lang='lat' dir='ltr'><strong>quod</strong></span> <span class='ocrx_word' id='word_1_224' title='bbox 1051 2211 1218 2279; x_wconf 64' lang='lat' dir='ltr'><strong>vulgo</strong></span> <span class='ocrx_word' id='word_1_225' title='bbox 1245 2210 1312 2266; x_wconf 89' lang='lat' dir='ltr'><strong>D.</strong></span> <span class='ocrx_word' id='word_1_226' title='bbox 1343 2209 1480 2264; x_wconf 73' lang='lat' dir='ltr'><strong>unde</strong></span> 
     </span>
     <span class='ocr_line' id='line_1_32' title="bbox 151 2287 1406 2362; baseline 0.001 -21"><span class='ocrx_word' id='word_1_227' title='bbox 151 2289 206 2340; x_wconf 72' lang='grc' dir='ltr'><strong>υἱ</strong></span> <span class='ocrx_word' id='word_1_228' title='bbox 235 2288 302 2342; x_wconf 78' lang='lat'><strong>1..</strong></span> <span class='ocrx_word' id='word_1_229' title='bbox 319 2302 450 2358; x_wconf 78' lang='lat' dir='ltr'><strong>pen.</strong></span> <span class='ocrx_word' id='word_1_230' title='bbox 473 2289 540 2358; x_wconf 64' lang='lat' dir='ltr'><strong>S.</strong></span> <span class='ocrx_word' id='word_1_231' title='bbox 559 2291 658 2344; x_wconf 72' lang='lat' dir='ltr'><strong>ult.</strong></span> <span class='ocrx_word' id='word_1_232' title='bbox 685 2287 753 2343; x_wconf 89' lang='lat' dir='ltr'><strong>D.</strong></span> <span class='ocrx_word' id='word_1_233' title='bbox 778 2289 842 2343; x_wconf 76' lang='lat' dir='ltr'><strong>do</strong></span> <span class='ocrx_word' id='word_1_234' title='bbox 861 2291 980 2356; x_wconf 72' lang='lat' dir='ltr'><strong>jur.</strong></span> <span class='ocrx_word' id='word_1_235' title='bbox 1002 2295 1054 2344; x_wconf 73' lang='lat' dir='ltr'><strong>et</strong></span> <span class='ocrx_word' id='word_1_236' title='bbox 1076 2290 1203 2362; x_wconf 73' lang='lat' dir='ltr'><strong>fact.</strong></span> <span class='ocrx_word' id='word_1_237' title='bbox 1229 2290 1406 2355; x_wconf 59' lang='lat' dir='ltr'><strong>inor.</strong></span> 
     </span>
     <span class='ocr_line' id='line_1_33' title="bbox 227 2363 1480 2437; baseline 0 -18"><span class='ocrx_word' id='word_1_238' title='bbox 227 2363 338 2419; x_wconf 78' lang='lat' dir='ltr'><strong>IX.</strong></span> <span class='ocrx_word' id='word_1_239' title='bbox 361 2365 654 2437; x_wconf 81' lang='lat' dir='ltr'><strong>Quidquid</strong></span> <span class='ocrx_word' id='word_1_240' title='bbox 679 2371 870 2422; x_wconf 71' lang='lat' dir='ltr'><strong>tamen·</strong></span> <span class='ocrx_word' id='word_1_241' title='bbox 887 2366 1148 2422; x_wconf 80' lang='lat' dir='ltr'><strong>hactenus</strong></span> <span class='ocrx_word' id='word_1_242' title='bbox 1161 2365 1400 2422; x_wconf 80' lang='lat' dir='ltr'><strong>diximus</strong></span> <span class='ocrx_word' id='word_1_243' title='bbox 1413 2366 1480 2420; x_wconf 89' lang='lat' dir='ltr'><strong>de</strong></span> 
     </span>
     <span class='ocr_line' id='line_1_34' title="bbox 150 2441 1480 2516; baseline 0.007 -20"><span class='ocrx_word' id='word_1_244' title='bbox 150 2441 246 2496; x_wconf 77' lang='lat' dir='ltr'><strong>hac</strong></span> <span class='ocrx_word' id='word_1_245' title='bbox 269 2459 370 2498; x_wconf 79' lang='lat' dir='ltr'><strong>scu</strong></span> <span class='ocrx_word' id='word_1_246' title='bbox 398 2443 758 2515; x_wconf 77' lang='lat' dir='ltr'><strong>productione</strong></span> <span class='ocrx_word' id='word_1_247' title='bbox 780 2443 918 2516; x_wconf 82' lang='lat' dir='ltr'><strong>juris</strong></span> <span class='ocrx_word' id='word_1_248' title='bbox 941 2445 1012 2502; x_wconf 85' lang='lat' dir='ltr'><strong>ad</strong></span> <span class='ocrx_word' id='word_1_249' title='bbox 1027 2443 1230 2500; x_wconf 82' lang='lat' dir='ltr'><strong>similes</strong></span> <span class='ocrx_word' id='word_1_250' title='bbox 1255 2459 1480 2505; x_wconf 71' lang='lat' dir='ltr'><strong>caussas.</strong></span> 
     </span>
     <span class='ocr_line' id='line_1_35' title="bbox 149 2521 1480 2594; baseline 0.002 -18"><span class='ocrx_word' id='word_1_251' title='bbox 149 2535 236 2576; x_wconf 70' lang='lat' dir='ltr'><strong>aen</strong></span> <span class='ocrx_word' id='word_1_252' title='bbox 266 2521 360 2586; x_wconf 77' lang='lat' dir='ltr'><strong>vi,</strong></span> <span class='ocrx_word' id='word_1_253' title='bbox 379 2531 439 2578; x_wconf 88' lang='lat' dir='ltr'><strong>et</strong></span> <span class='ocrx_word' id='word_1_254' title='bbox 479 2531 735 2594; x_wconf 77' lang='lat' dir='ltr'><strong>potestate</strong></span> <span class='ocrx_word' id='word_1_255' title='bbox 759 2521 999 2588; x_wconf 86' lang='lat' dir='ltr'><strong>rationis,</strong></span> <span class='ocrx_word' id='word_1_256' title='bbox 1023 2539 1086 2579; x_wconf 85' lang='lat' dir='ltr'><strong>ae</strong></span> <span class='ocrx_word' id='word_1_257' title='bbox 1109 2523 1382 2580; x_wconf 69' lang='lat' dir='ltr'><strong>sen-tentiae</strong></span> <span class='ocrx_word' id='word_1_258' title='bbox 1423 2521 1480 2578; x_wconf 88' lang='lat' dir='ltr'><strong>in</strong></span> 
     </span>
     <span class='ocr_line' id='line_1_36' title="bbox 153 2599 1480 2674; baseline 0.002 -19"><span class='ocrx_word' id='word_1_259' title='bbox 153 2599 364 2671; x_wconf 74' lang='lat' dir='ltr'><strong>legibus</strong></span> <span class='ocrx_word' id='word_1_260' title='bbox 389 2601 649 2673; x_wconf 63' lang='lat' dir='ltr'><strong>cognitae,</strong></span> <span class='ocrx_word' id='word_1_261' title='bbox 675 2617 786 2674; x_wconf 84' lang='lat' dir='ltr'><strong>qua</strong></span> <span class='ocrx_word' id='word_1_262' title='bbox 815 2601 1003 2672; x_wconf 84' lang='lat' dir='ltr'><strong>placet.</strong></span> <span class='ocrx_word' id='word_1_263' title='bbox 1025 2601 1168 2657; x_wconf 83' lang='lat' dir='ltr'><strong>hanc</strong></span> <span class='ocrx_word' id='word_1_264' title='bbox 1195 2599 1366 2672; x_wconf 80' lang='lat' dir='ltr'><strong>ipsam</strong></span> <span class='ocrx_word' id='word_1_265' title='bbox 1395 2618 1480 2657; x_wconf 77' lang='lat' dir='ltr'><strong>ra-</strong></span> 
     </span>
     <span class='ocr_line' id='line_1_37' title="bbox 151 2676 1484 2744; baseline 0.002 -11"><span class='ocrx_word' id='word_1_266' title='bbox 151 2676 358 2733; x_wconf 80' lang='lat' dir='ltr'><strong>tionem</strong></span> <span class='ocrx_word' id='word_1_267' title='bbox 377 2721 394 2744; x_wconf 95' lang='lat'><strong>,</strong></span> <span class='ocrx_word' id='word_1_268' title='bbox 435 2688 492 2736; x_wconf 84' lang='lat' dir='ltr'><strong>et</strong></span> <span class='ocrx_word' id='word_1_269' title='bbox 531 2680 864 2737; x_wconf 75' lang='lat' dir='ltr'><strong>sententiam</strong></span> <span class='ocrx_word' id='word_1_270' title='bbox 891 2679 951 2735; x_wconf 88' lang='lat' dir='ltr'><strong>in·</strong></span> <span class='ocrx_word' id='word_1_271' title='bbox 991 2678 1264 2739; x_wconf 77' lang='lat' dir='ltr'><strong>similibus</strong></span> <span class='ocrx_word' id='word_1_272' title='bbox 1286 2679 1484 2735; x_wconf 75' lang='lat' dir='ltr'><strong>caussis</strong></span> 
     </span>
     <span class='ocr_line' id='line_1_38' title="bbox 151 2758 1478 2829; baseline 0.001 -16"><span class='ocrx_word' id='word_1_273' title='bbox 151 2770 244 2826; x_wconf 80' lang='lat' dir='ltr'><strong>pro</strong></span> <span class='ocrx_word' id='word_1_274' title='bbox 268 2758 402 2829; x_wconf 83' lang='lat' dir='ltr'><strong>jure</strong></span> <span class='ocrx_word' id='word_1_275' title='bbox 441 2759 622 2815; x_wconf 75' lang='lat' dir='ltr'><strong>valere</strong></span> <span class='ocrx_word' id='word_1_276' title='bbox 658 2759 868 2817; x_wconf 69' lang='lat' dir='ltr'><strong>deberet</strong></span> <span class='ocrx_word' id='word_1_277' title='bbox 890 2758 1154 2816; x_wconf 85' lang='lat' dir='ltr'><strong>monendi</strong></span> <span class='ocrx_word' id='word_1_278' title='bbox 1175 2770 1378 2822; x_wconf 84' lang='lat' dir='ltr'><strong>sumus,</strong></span> <span class='ocrx_word' id='word_1_279' title='bbox 1400 2766 1478 2814; x_wconf 85' lang='lat' dir='ltr'><strong>to-</strong></span> 
     </span>
     <span class='ocr_line' id='line_1_39' title="bbox 151 2834 1481 2909; baseline 0.002 -19"><span class='ocrx_word' id='word_1_280' title='bbox 151 2841 266 2890; x_wconf 84' lang='lat' dir='ltr'><strong>tum</strong></span> <span class='ocrx_word' id='word_1_281' title='bbox 295 2835 358 2891; x_wconf 88' lang='lat' dir='ltr'><strong>id</strong></span> <span class='ocrx_word' id='word_1_282' title='bbox 383 2834 602 2909; x_wconf 80' lang='lat' dir='ltr'><strong>dejure</strong></span> <span class='ocrx_word' id='word_1_283' title='bbox 637 2836 918 2895; x_wconf 80' lang='lat' dir='ltr'><strong>communi</strong></span> <span class='ocrx_word' id='word_1_284' title='bbox 957 2837 1165 2895; x_wconf 85' lang='lat' dir='ltr'><strong>dictum</strong></span> <span class='ocrx_word' id='word_1_285' title='bbox 1218 2836 1481 2907; x_wconf 85' lang='lat' dir='ltr'><strong>accipien-</strong></span> 
     </span>
     <span class='ocr_line' id='line_1_40' title="bbox 149 2912 1482 2989; baseline 0.002 -22"><span class='ocrx_word' id='word_1_286' title='bbox 149 2912 280 2969; x_wconf 80' lang='lat' dir='ltr'><strong>dum</strong></span> <span class='ocrx_word' id='word_1_287' title='bbox 309 2930 450 2979; x_wconf 60' lang='lat' dir='ltr'><strong>me,</strong></span> <span class='ocrx_word' id='word_1_288' title='bbox 477 2916 633 2989; x_wconf 81' lang='lat' dir='ltr'><strong>cujus</strong></span> <span class='ocrx_word' id='word_1_289' title='bbox 657 2915 896 2980; x_wconf 83' lang='lat' dir='ltr'><strong>ratione,</strong></span> <span class='ocrx_word' id='word_1_290' title='bbox 919 2926 972 2973; x_wconf 92' lang='lat' dir='ltr'><strong>et</strong></span> <span class='ocrx_word' id='word_1_291' title='bbox 1008 2914 1273 2975; x_wconf 81' lang='lat' dir='ltr'><strong>sententia</strong></span> <span class='ocrx_word' id='word_1_292' title='bbox 1302 2916 1372 2971; x_wconf 86' lang='lat' dir='ltr'><strong>ad</strong></span> <span class='ocrx_word' id='word_1_293' title='bbox 1411 2914 1482 2971; x_wconf 86' lang='lat' dir='ltr'><strong>si-</strong></span> 
     </span>
     <span class='ocr_line' id='line_1_41' title="bbox 151 2992 1478 3064; baseline 0.003 -19"><span class='ocrx_word' id='word_1_294' title='bbox 151 2992 308 3049; x_wconf 69' lang='lat' dir='ltr'><strong>miles</strong></span> <span class='ocrx_word' id='word_1_295' title='bbox 345 3008 566 3049; x_wconf 77' lang='lat' dir='ltr'><strong>caussas</strong></span> <span class='ocrx_word' id='word_1_296' title='bbox 601 3005 853 3051; x_wconf 82' lang='lat' dir='ltr'><strong>utamur:</strong></span> <span class='ocrx_word' id='word_1_297' title='bbox 893 2994 952 3051; x_wconf 87' lang='lat' dir='ltr'><strong>in</strong></span> <span class='ocrx_word' id='word_1_298' title='bbox 992 2994 1082 3051; x_wconf 82' lang='lat' dir='ltr'><strong>his</strong></span> <span class='ocrx_word' id='word_1_299' title='bbox 1117 3004 1332 3056; x_wconf 82' lang='lat' dir='ltr'><strong>autem.</strong></span> <span class='ocrx_word' id='word_1_300' title='bbox 1355 3009 1478 3064; x_wconf 77' lang='lat' dir='ltr'><strong>quae</strong></span> 
     </span>
     <span class='ocr_line' id='line_1_42' title="bbox 149 3072 1478 3144; baseline 0.002 -19"><span class='ocrx_word' id='word_1_301' title='bbox 149 3080 334 3126; x_wconf 79' lang='lat' dir='ltr'><strong>eontra</strong></span> <span class='ocrx_word' id='word_1_302' title='bbox 388 3072 450 3127; x_wconf 88' lang='lat' dir='ltr'><strong>id</strong></span> <span class='ocrx_word' id='word_1_303' title='bbox 501 3072 592 3144; x_wconf 82' lang='lat' dir='ltr'><strong>jus</strong></span> <span class='ocrx_word' id='word_1_304' title='bbox 643 3074 932 3129; x_wconf 80' lang='lat' dir='ltr'><strong>constituta</strong></span> <span class='ocrx_word' id='word_1_305' title='bbox 969 3081 1098 3128; x_wconf 79' lang='lat' dir='ltr'><strong>sunt</strong></span> <span class='ocrx_word' id='word_1_306' title='bbox 1147 3072 1478 3143; x_wconf 81' lang='lat' dir='ltr'><strong>quibusdam</strong></span> 
     </span>
     <span class='ocr_line' id='line_1_43' title="bbox 153 3145 1480 3216; baseline 0.002 -15"><span class='ocrx_word' id='word_1_307' title='bbox 153 3145 208 3201; x_wconf 81' lang='lat' dir='ltr'><strong>in</strong></span> <span class='ocrx_word' id='word_1_308' title='bbox 232 3149 441 3205; x_wconf 66' lang='lat' dir='ltr'><strong>causis</strong></span> <span class='ocrx_word' id='word_1_309' title='bbox 466 3189 482 3212; x_wconf 90' lang='lat'><strong>,</strong></span> <span class='ocrx_word' id='word_1_310' title='bbox 509 3152 690 3207; x_wconf 86' lang='lat' dir='ltr'><strong>locum</strong></span> <span class='ocrx_word' id='word_1_311' title='bbox 717 3168 832 3207; x_wconf 86' lang='lat' dir='ltr'><strong>non</strong></span> <span class='ocrx_word' id='word_1_312' title='bbox 859 3152 1088 3216; x_wconf 83' lang='lat' dir='ltr'><strong>hahere;</strong></span> <span class='ocrx_word' id='word_1_313' title='bbox 1127 3158 1206 3213; x_wconf 89' lang='lat' dir='ltr'><strong>et,</strong></span> <span class='ocrx_word' id='word_1_314' title='bbox 1245 3159 1308 3207; x_wconf 87' lang='lat' dir='ltr'><strong>ut</strong></span> <span class='ocrx_word' id='word_1_315' title='bbox 1352 3148 1480 3207; x_wconf 87' lang='lat' dir='ltr'><strong>scri-</strong></span> 
     </span>
     <span class='ocr_line' id='line_1_44' title="bbox 155 3227 1478 3300; baseline 0.002 -19"><span class='ocrx_word' id='word_1_316' title='bbox 155 3234 302 3295; x_wconf 84' lang='lat' dir='ltr'><strong>ptum</strong></span> <span class='ocrx_word' id='word_1_317' title='bbox 331 3236 416 3283; x_wconf 72' lang='lat' dir='ltr'><strong>est</strong></span> <span class='ocrx_word' id='word_1_318' title='bbox 441 3227 500 3282; x_wconf 88' lang='lat' dir='ltr'><strong>in</strong></span> <span class='ocrx_word' id='word_1_319' title='bbox 533 3230 594 3285; x_wconf 88' lang='lat' dir='ltr'><strong>L.</strong></span> <span class='ocrx_word' id='word_1_320' title='bbox 617 3231 762 3300; x_wconf 72' lang='lat' dir='ltr'><strong>quod</strong></span> <span class='ocrx_word' id='word_1_321' title='bbox 783 3237 996 3293; x_wconf 78' lang='lat' dir='ltr'><strong>eontra,</strong></span> <span class='ocrx_word' id='word_1_322' title='bbox 1020 3230 1084 3287; x_wconf 86' lang='lat' dir='ltr'><strong>L.</strong></span> <span class='ocrx_word' id='word_1_323' title='bbox 1106 3232 1168 3285; x_wconf 76' lang='lat' dir='ltr'><strong>in</strong></span> <span class='ocrx_word' id='word_1_324' title='bbox 1193 3229 1294 3290; x_wconf 72' lang='lat' dir='ltr'><strong>hin.</strong></span> <span class='ocrx_word' id='word_1_325' title='bbox 1319 3230 1388 3286; x_wconf 89' lang='lat' dir='ltr'><strong>D.</strong></span> <span class='ocrx_word' id='word_1_326' title='bbox 1415 3232 1478 3283; x_wconf 77' lang='lat' dir='ltr'><strong>de</strong></span> 
     </span>
     <span class='ocr_line' id='line_1_45' title="bbox 157 3304 1484 3379; baseline 0.005 -22"><span class='ocrx_word' id='word_1_327' title='bbox 157 3304 312 3371; x_wconf 63' lang='lat' dir='ltr'><strong>legib.</strong></span> <span class='ocrx_word' id='word_1_328' title='bbox 339 3305 402 3362; x_wconf 87' lang='lat' dir='ltr'><strong>in</strong></span> <span class='ocrx_word' id='word_1_329' title='bbox 433 3305 541 3369; x_wconf 84' lang='lat' dir='ltr'><strong>his,</strong></span> <span class='ocrx_word' id='word_1_330' title='bbox 561 3322 686 3377; x_wconf 72' lang='lat' dir='ltr'><strong>quae</strong></span> <span class='ocrx_word' id='word_1_331' title='bbox 721 3319 906 3364; x_wconf 77' lang='lat' dir='ltr'><strong>contra</strong></span> <span class='ocrx_word' id='word_1_332' title='bbox 941 3310 1204 3366; x_wconf 69' lang='lat' dir='ltr'><strong>rationem</strong></span> <span class='ocrx_word' id='word_1_333' title='bbox 1227 3312 1378 3379; x_wconf 61' lang='lat' dir='ltr'><strong>jun}</strong></span> <span class='ocrx_word' id='word_1_334' title='bbox 1404 3322 1484 3363; x_wconf 81' lang='lat' dir='ltr'><strong>re-</strong></span> 
     </span>
     <span class='ocr_line' id='line_1_46' title="bbox 153 3385 1478 3458; baseline 0.002 -19"><span class='ocrx_word' id='word_1_335' title='bbox 153 3392 330 3453; x_wconf 73' lang='lat' dir='ltr'><strong>cepta,</strong></span> <span class='ocrx_word' id='word_1_336' title='bbox 367 3385 664 3441; x_wconf 76' lang='lat' dir='ltr'><strong>constituta</strong></span> <span class='ocrx_word' id='word_1_337' title='bbox 703 3395 852 3443; x_wconf 77' lang='lat' dir='ltr'><strong>sunt.</strong></span> <span class='ocrx_word' id='word_1_338' title='bbox 891 3385 1052 3443; x_wconf 76' lang='lat' dir='ltr'><strong>Ratio</strong></span> <span class='ocrx_word' id='word_1_339' title='bbox 1085 3385 1256 3458; x_wconf 79' lang='lat' dir='ltr'><strong>juris.</strong></span> <span class='ocrx_word' id='word_1_340' title='bbox 1282 3396 1342 3448; x_wconf 75' lang='lat' dir='ltr'><strong>ut</strong></span> <span class='ocrx_word' id='word_1_341' title='bbox 1361 3388 1478 3457; x_wconf 84' lang='lat' dir='ltr'><strong>jam</strong></span> 
     </span>
     <span class='ocr_line' id='line_1_47' title="bbox 161 3458 1478 3537; baseline 0.005 -22"><span class='ocrx_word' id='word_1_342' title='bbox 161 3458 446 3531; x_wconf 77' lang='lat' dir='ltr'><strong>aliquoties</strong></span> <span class='ocrx_word' id='word_1_343' title='bbox 485 3463 746 3527; x_wconf 83' lang='lat' dir='ltr'><strong>diximus,</strong></span> <span class='ocrx_word' id='word_1_344' title='bbox 781 3466 966 3537; x_wconf 77' lang='lat' dir='ltr'><strong>estjus</strong></span> <span class='ocrx_word' id='word_1_345' title='bbox 1003 3464 1198 3535; x_wconf 77' lang='lat' dir='ltr'><strong>ipsum,</strong></span> <span class='ocrx_word' id='word_1_346' title='bbox 1235 3464 1366 3535; x_wconf 80' lang='lat' dir='ltr'><strong>quia</strong></span> <span class='ocrx_word' id='word_1_347' title='bbox 1395 3480 1478 3521; x_wconf 79' lang='lat' dir='ltr'><strong>ra-</strong></span> 
     </span>
     <span class='ocr_line' id='line_1_48' title="bbox 163 3536 1474 3614; baseline 0.002 -17"><span class='ocrx_word' id='word_1_348' title='bbox 163 3536 232 3591; x_wconf 83' lang='lat' dir='ltr'><strong>tio</strong></span> <span class='ocrx_word' id='word_1_349' title='bbox 265 3542 432 3597; x_wconf 76' lang='lat' dir='ltr'><strong>estid</strong></span> <span class='ocrx_word' id='word_1_350' title='bbox 453 3582 468 3607; x_wconf 91' lang='lat'><strong>,</strong></span> <span class='ocrx_word' id='word_1_351' title='bbox 493 3542 644 3613; x_wconf 88' lang='lat' dir='ltr'><strong>quod</strong></span> <span class='ocrx_word' id='word_1_352' title='bbox 683 3544 772 3597; x_wconf 81' lang='lat' dir='ltr'><strong>lex</strong></span> <span class='ocrx_word' id='word_1_353' title='bbox 817 3544 1002 3599; x_wconf 83' lang='lat' dir='ltr'><strong>voluit.</strong></span> <span class='ocrx_word' id='word_1_354' title='bbox 1042 3544 1108 3604; x_wconf 86' lang='lat' dir='ltr'><strong>ld</strong></span> <span class='ocrx_word' id='word_1_355' title='bbox 1145 3551 1324 3599; x_wconf 84' lang='lat' dir='ltr'><strong>autem</strong></span> <span class='ocrx_word' id='word_1_356' title='bbox 1360 3543 1474 3614; x_wconf 83' lang='lat' dir='ltr'><strong>jus,</strong></span> 
     </span>
     <span class='ocr_line' id='line_1_49' title="bbox 157 3619 1474 3691; baseline 0.005 -20"><span class='ocrx_word' id='word_1_357' title='bbox 157 3619 288 3684; x_wconf 79' lang='lat' dir='ltr'><strong>quud</strong></span> <span class='ocrx_word' id='word_1_358' title='bbox 317 3620 514 3675; x_wconf 80' lang='lat' dir='ltr'><strong>voluit.</strong></span> <span class='ocrx_word' id='word_1_359' title='bbox 552 3619 682 3677; x_wconf 79' lang='lat' dir='ltr'><strong>Ideo</strong></span> <span class='ocrx_word' id='word_1_360' title='bbox 703 3626 894 3677; x_wconf 64' lang='lat' dir='ltr'><strong>coium</strong></span> <span class='ocrx_word' id='word_1_361' title='bbox 925 3624 1184 3681; x_wconf 68' lang='lat' dir='ltr'><strong>rationem</strong></span> <span class='ocrx_word' id='word_1_362' title='bbox 1199 3624 1368 3691; x_wconf 70' lang='lat' dir='ltr'><strong>juris,</strong></span> <span class='ocrx_word' id='word_1_363' title='bbox 1403 3622 1474 3677; x_wconf 87' lang='lat' dir='ltr'><strong>si-</strong></span> 
     </span>
     <span class='ocr_line' id='line_1_50' title="bbox 158 3694 1466 3771; baseline 0.002 -20"><span class='ocrx_word' id='word_1_364' title='bbox 158 3694 368 3759; x_wconf 65' lang='lat' dir='ltr'><strong>gnificat</strong></span> <span class='ocrx_word' id='word_1_365' title='bbox 391 3706 586 3753; x_wconf 78' lang='lat' dir='ltr'><strong>contra</strong></span> <span class='ocrx_word' id='word_1_366' title='bbox 622 3699 712 3770; x_wconf 81' lang='lat' dir='ltr'><strong>jus</strong></span> <span class='ocrx_word' id='word_1_367' title='bbox 737 3699 932 3771; x_wconf 86' lang='lat' dir='ltr'><strong>ipsum.</strong></span> <span class='ocrx_word' id='word_1_368' title='bbox 955 3716 1048 3757; x_wconf 78' lang='lat' dir='ltr'><strong>seu</strong></span> <span class='ocrx_word' id='word_1_369' title='bbox 1072 3709 1276 3761; x_wconf 83' lang='lat' dir='ltr'><strong>eontra,</strong></span> <span class='ocrx_word' id='word_1_370' title='bbox 1297 3716 1466 3771; x_wconf 75' lang='lat' dir='ltr'><strong>quam</strong></span> 
     </span>
     <span class='ocr_line' id='line_1_51' title="bbox 160 3769 1466 3849; baseline 0.005 -20"><span class='ocrx_word' id='word_1_371' title='bbox 160 3769 236 3837; x_wconf 74' lang='lat' dir='ltr'><strong>ius</strong></span> <span class='ocrx_word' id='word_1_372' title='bbox 265 3775 456 3831; x_wconf 72' lang='lat' dir='ltr'><strong>voluit.</strong></span> <span class='ocrx_word' id='word_1_373' title='bbox 494 3776 650 3831; x_wconf 61' lang='grc' dir='ltr'><strong>ἄιεν-ἑο</strong></span> <span class='ocrx_word' id='word_1_374' title='bbox 675 3786 856 3834; x_wconf 84' lang='lat' dir='ltr'><strong>autem</strong></span> <span class='ocrx_word' id='word_1_375' title='bbox 883 3779 1044 3835; x_wconf 76' lang='lat' dir='ltr'><strong>verbo</strong></span> <span class='ocrx_word' id='word_1_376' title='bbox 1081 3794 1176 3849; x_wconf 87' lang='lat' dir='ltr'><strong>per</strong></span> <span class='ocrx_word' id='word_1_377' title='bbox 1199 3778 1466 3836; x_wconf 84' lang='lat' dir='ltr'><strong>excellen-</strong></span> 
     </span>
     <span class='ocr_line' id='line_1_52' title="bbox 161 3849 1465 3926; baseline 0.008 -23"><span class='ocrx_word' id='word_1_378' title='bbox 161 3849 272 3906; x_wconf 74' lang='lat' dir='ltr'><strong>t&#39;nm</strong></span> <span class='ocrx_word' id='word_1_379' title='bbox 311 3852 558 3911; x_wconf 76' lang='lat' dir='ltr'><strong>nominis</strong></span> <span class='ocrx_word' id='word_1_380' title='bbox 592 3855 682 3926; x_wconf 83' lang='lat' dir='ltr'><strong>jus</strong></span> <span class='ocrx_word' id='word_1_381' title='bbox 717 3872 1008 3913; x_wconf 82' lang='lat' dir='ltr'><strong>commune</strong></span> <span class='ocrx_word' id='word_1_382' title='bbox 1037 3856 1336 3926; x_wconf 79' lang='lat' dir='ltr'><strong>intelligere</strong></span> <span class='ocrx_word' id='word_1_383' title='bbox 1375 3856 1465 3913; x_wconf 79' lang='lat' dir='ltr'><strong>dc-</strong></span> 
     </span>
     <span class='ocr_line' id='line_1_53' title="bbox 165 3924 1460 4005; baseline 0.005 -21"><span class='ocrx_word' id='word_1_384' title='bbox 165 3924 348 3987; x_wconf 73' lang='lat' dir='ltr'><strong>hemus.</strong></span> <span class='ocrx_word' id='word_1_385' title='bbox 375 3932 524 3987; x_wconf 76' lang='lat' dir='ltr'><strong>Nam</strong></span> <span class='ocrx_word' id='word_1_386' title='bbox 549 3941 602 3989; x_wconf 86' lang='lat' dir='ltr'><strong>et</strong></span> <span class='ocrx_word' id='word_1_387' title='bbox 627 3932 808 4005; x_wconf 60' lang='lat' dir='ltr'><strong>imum</strong></span> <span class='ocrx_word' id='word_1_388' title='bbox 833 3934 974 3991; x_wconf 83' lang='lat' dir='ltr'><strong>ill-ud</strong></span> <span class='ocrx_word' id='word_1_389' title='bbox 997 3934 1290 4005; x_wconf 75' lang='lat' dir='ltr'><strong>singulare,</strong></span> <span class='ocrx_word' id='word_1_390' title='bbox 1311 3935 1460 4004; x_wconf 86' lang='lat' dir='ltr'><strong>quod</strong></span> 
     </span>
     <span class='ocr_line' id='line_1_54' title="bbox 165 4008 1464 4083; baseline 0.006 -23"><span class='ocrx_word' id='word_1_391' title='bbox 165 4017 322 4063; x_wconf 72' lang='lat' dir='ltr'><strong>mtra</strong></span> <span class='ocrx_word' id='word_1_392' title='bbox 363 4008 636 4067; x_wconf 83' lang='lat' dir='ltr'><strong>rationem</strong></span> <span class='ocrx_word' id='word_1_393' title='bbox 671 4012 813 4083; x_wconf 83' lang='lat' dir='ltr'><strong>juris</strong></span> <span class='ocrx_word' id='word_1_394' title='bbox 849 4014 1154 4069; x_wconf 86' lang='lat' dir='ltr'><strong>communis</strong></span> <span class='ocrx_word' id='word_1_395' title='bbox 1187 4013 1464 4070; x_wconf 82' lang='lat' dir='ltr'><strong>constitui·</strong></span> 
     </span>
     <span class='ocr_line' id='line_1_55' title="bbox 169 4088 1462 4161; baseline 0.008 -24"><span class='ocrx_word' id='word_1_396' title='bbox 169 4088 250 4144; x_wconf 75' lang='lat' dir='ltr'><strong>tur,</strong></span> <span class='ocrx_word' id='word_1_397' title='bbox 277 4088 370 4159; x_wconf 76' lang='lat' dir='ltr'><strong>jus</strong></span> <span class='ocrx_word' id='word_1_398' title='bbox 395 4098 492 4150; x_wconf 80' lang='lat' dir='ltr'><strong>est.</strong></span> <span class='ocrx_word' id='word_1_399' title='bbox 517 4088 580 4143; x_wconf 80' lang='lat' dir='ltr'><strong>L.</strong></span> <span class='ocrx_word' id='word_1_400' title='bbox 610 4094 712 4159; x_wconf 70' lang='lat' dir='ltr'><strong>jus</strong></span> <span class='ocrx_word' id='word_1_401' title='bbox 748 4092 1054 4161; x_wconf 67' lang='lat' dir='ltr'><strong>sinantur-o,</strong></span> <span class='ocrx_word' id='word_1_402' title='bbox 1091 4091 1161 4147; x_wconf 93' lang='lat' dir='ltr'><strong>D.</strong></span> <span class='ocrx_word' id='word_1_403' title='bbox 1205 4092 1269 4149; x_wconf 79' lang='lat' dir='ltr'><strong>de</strong></span> <span class='ocrx_word' id='word_1_404' title='bbox 1305 4092 1462 4161; x_wconf 63' lang='lat' dir='ltr'><strong>legib.</strong></span> 
     </span>
     <span class='ocr_line' id='line_1_56' title="bbox 174 4165 1466 4243; baseline 0.003 -22"><span class='ocrx_word' id='word_1_405' title='bbox 174 4170 213 4213; x_wconf 71' lang='lat' dir='ltr'><strong>tt</strong></span> <span class='ocrx_word' id='word_1_406' title='bbox 229 4176 412 4221; x_wconf 71' lang='lat' dir='ltr'><strong>eontra</strong></span> <span class='ocrx_word' id='word_1_407' title='bbox 439 4167 608 4238; x_wconf 82' lang='lat' dir='ltr'><strong>hujus</strong></span> <span class='ocrx_word' id='word_1_408' title='bbox 631 4165 898 4225; x_wconf 80' lang='lat' dir='ltr'><strong>rationem</strong></span> <span class='ocrx_word' id='word_1_409' title='bbox 935 4170 1192 4236; x_wconf 72' lang='lat' dir='ltr'><strong>statuitur</strong></span> <span class='ocrx_word' id='word_1_410' title='bbox 1211 4171 1300 4243; x_wconf 84' lang='lat' dir='ltr'><strong>jus</strong></span> <span class='ocrx_word' id='word_1_411' title='bbox 1323 4185 1466 4225; x_wconf 89' lang='lat' dir='ltr'><strong>com-</strong></span> 
     </span>
     <span class='ocr_line' id='line_1_57' title="bbox 176 4244 1472 4318; baseline 0.008 -25"><span class='ocrx_word' id='word_1_412' title='bbox 176 4250 327 4297; x_wconf 67' lang='lat' dir='ltr'><strong>mune.</strong></span> <span class='ocrx_word' id='word_1_413' title='bbox 367 4244 561 4315; x_wconf 71' lang='lat' dir='ltr'><strong>Neque</strong></span> <span class='ocrx_word' id='word_1_414' title='bbox 601 4254 786 4303; x_wconf 83' lang='lat' dir='ltr'><strong>tamen</strong></span> <span class='ocrx_word' id='word_1_415' title='bbox 820 4247 908 4318; x_wconf 68' lang='lat' dir='ltr'><strong>jus</strong></span> <span class='ocrx_word' id='word_1_416' title='bbox 945 4262 1236 4305; x_wconf 78' lang='lat' dir='ltr'><strong>commune</strong></span> <span class='ocrx_word' id='word_1_417' title='bbox 1269 4248 1472 4303; x_wconf 85' lang='lat' dir='ltr'><strong>dicitur</strong></span> 
     </span>
     <span class='ocr_line' id='line_1_58' title="bbox 179 4322 1469 4399; baseline 0.008 -28"><span class='ocrx_word' id='word_1_418' title='bbox 179 4322 504 4381; x_wconf 76' lang='lat' dir='ltr'><strong>cunstitutum</strong></span> <span class='ocrx_word' id='word_1_419' title='bbox 543 4324 802 4383; x_wconf 71' lang='lat' dir='ltr'><strong>adversus</strong></span> <span class='ocrx_word' id='word_1_420' title='bbox 829 4326 1098 4383; x_wconf 82' lang='lat' dir='ltr'><strong>rationem</strong></span> <span class='ocrx_word' id='word_1_421' title='bbox 1115 4327 1272 4399; x_wconf 57' lang='lat' dir='ltr'><strong>juris</strong></span> <span class='ocrx_word' id='word_1_422' title='bbox 1297 4336 1392 4383; x_wconf 84' lang='lat' dir='ltr'><strong>aut</strong></span> <span class='ocrx_word' id='word_1_423' title='bbox 1417 4342 1469 4381; x_wconf 49' lang='lat' dir='ltr'><strong>cu</strong></span> 
     </span>
    </p>
   </div>
   <div class='ocr_carea' id='block_1_12' title="bbox 1545 719 2905 3773">
    <p class='ocr_par' dir='ltr' id='par_1_12' title="bbox 1545 719 2905 3773">
     <span class='ocr_line' id='line_1_59' title="bbox 1573 719 2897 794; baseline 0.002 -18"><span class='ocrx_word' id='word_1_424' title='bbox 1573 719 1825 791; x_wconf 75' lang='lat' dir='ltr'><strong>aliquod,</strong></span> <span class='ocrx_word' id='word_1_425' title='bbox 1847 723 1995 792; x_wconf 85' lang='lat' dir='ltr'><strong>quod</strong></span> <span class='ocrx_word' id='word_1_426' title='bbox 2022 723 2089 778; x_wconf 87' lang='lat' dir='ltr'><strong>de</strong></span> <span class='ocrx_word' id='word_1_427' title='bbox 2114 739 2307 793; x_wconf 77' lang='lat' dir='ltr'><strong>genere</strong></span> <span class='ocrx_word' id='word_1_428' title='bbox 2332 722 2517 794; x_wconf 85' lang='lat' dir='ltr'><strong>aliquo</strong></span> <span class='ocrx_word' id='word_1_429' title='bbox 2544 721 2897 778; x_wconf 88' lang='lat' dir='ltr'><strong>constitutum</strong></span> 
     </span>
     <span class='ocr_line' id='line_1_60' title="bbox 1573 797 2901 872; baseline 0.001 -18"><span class='ocrx_word' id='word_1_430' title='bbox 1573 807 1705 854; x_wconf 77' lang='lat' dir='ltr'><strong>esset</strong></span> <span class='ocrx_word' id='word_1_431' title='bbox 1720 807 1890 856; x_wconf 82' lang='lat' dir='ltr'><strong>totum</strong></span> <span class='ocrx_word' id='word_1_432' title='bbox 1902 801 2133 858; x_wconf 84' lang='lat' dir='ltr'><strong>tolletur:</strong></span> <span class='ocrx_word' id='word_1_433' title='bbox 2158 817 2271 856; x_wconf 87' lang='lat' dir='ltr'><strong>non</strong></span> <span class='ocrx_word' id='word_1_434' title='bbox 2298 810 2471 872; x_wconf 82' lang='lat' dir='ltr'><strong>posset</strong></span> <span class='ocrx_word' id='word_1_435' title='bbox 2495 797 2619 860; x_wconf 82' lang='lat' dir='ltr'><strong>dici.</strong></span> <span class='ocrx_word' id='word_1_436' title='bbox 2635 799 2901 872; x_wconf 79' lang='lat' dir='ltr'><strong>posterius</strong></span> 
     </span>
     <span class='ocr_line' id='line_1_61' title="bbox 1573 876 2900 951; baseline -0.002 -17"><span class='ocrx_word' id='word_1_437' title='bbox 1573 876 1925 940; x_wconf 80' lang='lat' dir='ltr'><strong>constitutum</strong></span> <span class='ocrx_word' id='word_1_438' title='bbox 1968 891 2155 938; x_wconf 85' lang='lat' dir='ltr'><strong>contra</strong></span> <span class='ocrx_word' id='word_1_439' title='bbox 2196 879 2463 936; x_wconf 86' lang='lat' dir='ltr'><strong>rationem</strong></span> <span class='ocrx_word' id='word_1_440' title='bbox 2496 876 2633 951; x_wconf 84' lang='lat' dir='ltr'><strong>juris</strong></span> <span class='ocrx_word' id='word_1_441' title='bbox 2674 877 2900 950; x_wconf 88' lang='lat' dir='ltr'><strong>prioris,</strong></span> 
     </span>
     <span class='ocr_line' id='line_1_62' title="bbox 1575 955 2898 1028; baseline 0 -19"><span class='ocrx_word' id='word_1_442' title='bbox 1575 970 1701 1011; x_wconf 87' lang='lat' dir='ltr'><strong>cum</strong></span> <span class='ocrx_word' id='word_1_443' title='bbox 1725 957 1841 1028; x_wconf 82' lang='lat' dir='ltr'><strong>jam</strong></span> <span class='ocrx_word' id='word_1_444' title='bbox 1868 957 1925 1012; x_wconf 90' lang='lat' dir='ltr'><strong>id</strong></span> <span class='ocrx_word' id='word_1_445' title='bbox 1966 959 2187 1014; x_wconf 88' lang='lat' dir='ltr'><strong>nullum</strong></span> <span class='ocrx_word' id='word_1_446' title='bbox 2214 967 2359 1014; x_wconf 61' lang='lat' dir='ltr'><strong>esset:</strong></span> <span class='ocrx_word' id='word_1_447' title='bbox 2386 973 2485 1013; x_wconf 87' lang='lat' dir='ltr'><strong>nee</strong></span> <span class='ocrx_word' id='word_1_448' title='bbox 2524 955 2783 1028; x_wconf 86' lang='lat' dir='ltr'><strong>posterius</strong></span> <span class='ocrx_word' id='word_1_449' title='bbox 2820 972 2898 1010; x_wconf 81' lang='lat' dir='ltr'><strong>cs-</strong></span> 
     </span>
     <span class='ocr_line' id='line_1_63' title="bbox 1573 1034 2897 1108; baseline 0.002 -20"><span class='ocrx_word' id='word_1_450' title='bbox 1573 1042 1650 1091; x_wconf 78' lang='lat' dir='ltr'><strong>set</strong></span> <span class='ocrx_word' id='word_1_451' title='bbox 1674 1034 1966 1105; x_wconf 75' lang='lat' dir='ltr'><strong>singulare.</strong></span> <span class='ocrx_word' id='word_1_452' title='bbox 2000 1035 2111 1103; x_wconf 78' lang='lat' dir='ltr'><strong>sed,</strong></span> <span class='ocrx_word' id='word_1_453' title='bbox 2134 1037 2313 1108; x_wconf 77' lang='lat' dir='ltr'><strong>priore</strong></span> <span class='ocrx_word' id='word_1_454' title='bbox 2346 1036 2587 1098; x_wconf 84' lang='lat' dir='ltr'><strong>sublato,</strong></span> <span class='ocrx_word' id='word_1_455' title='bbox 2609 1051 2897 1090; x_wconf 88' lang='lat' dir='ltr'><strong>commune</strong></span> 
     </span>
     <span class='ocr_line' id='line_1_64' title="bbox 1575 1114 2896 1186; baseline -0.002 -16"><span class='ocrx_word' id='word_1_456' title='bbox 1575 1127 1745 1184; x_wconf 83' lang='lat' dir='ltr'><strong>eoque</strong></span> <span class='ocrx_word' id='word_1_457' title='bbox 1794 1114 2090 1184; x_wconf 82' lang='lat' dir='ltr'><strong>ejusmodi,</strong></span> <span class='ocrx_word' id='word_1_458' title='bbox 2128 1116 2195 1171; x_wconf 90' lang='lat' dir='ltr'><strong>de</strong></span> <span class='ocrx_word' id='word_1_459' title='bbox 2232 1130 2341 1186; x_wconf 87' lang='lat' dir='ltr'><strong>quo</strong></span> <span class='ocrx_word' id='word_1_460' title='bbox 2382 1123 2521 1169; x_wconf 87' lang='lat' dir='ltr'><strong>recte</strong></span> <span class='ocrx_word' id='word_1_461' title='bbox 2554 1120 2896 1178; x_wconf 86' lang='lat' dir='ltr'><strong>statueretur,</strong></span> 
     </span>
     <span class='ocr_line' id='line_1_65' title="bbox 1579 1191 2895 1265; baseline 0.002 -21"><span class='ocrx_word' id='word_1_462' title='bbox 1579 1191 1675 1248; x_wconf 89' lang='lat' dir='ltr'><strong>ubi</strong></span> <span class='ocrx_word' id='word_1_463' title='bbox 1698 1192 1887 1248; x_wconf 86' lang='lat' dir='ltr'><strong>eadem</strong></span> <span class='ocrx_word' id='word_1_464' title='bbox 1914 1193 2051 1249; x_wconf 82' lang='lat' dir='ltr'><strong>ratio</strong></span> <span class='ocrx_word' id='word_1_465' title='bbox 2090 1195 2191 1257; x_wconf 85' lang='lat' dir='ltr'><strong>sit,</strong></span> <span class='ocrx_word' id='word_1_466' title='bbox 2228 1191 2307 1248; x_wconf 90' lang='lat' dir='ltr'><strong>ibi</strong></span> <span class='ocrx_word' id='word_1_467' title='bbox 2332 1208 2551 1265; x_wconf 85' lang='lat' dir='ltr'><strong>quoque</strong></span> <span class='ocrx_word' id='word_1_468' title='bbox 2588 1191 2733 1247; x_wconf 90' lang='lat' dir='ltr'><strong>idem</strong></span> <span class='ocrx_word' id='word_1_469' title='bbox 2772 1206 2895 1262; x_wconf 88' lang='lat' dir='ltr'><strong>pro-</strong></span> 
     </span>
     <span class='ocr_line' id='line_1_66' title="bbox 1577 1269 2895 1344; baseline 0 -18"><span class='ocrx_word' id='word_1_470' title='bbox 1577 1269 1823 1326; x_wconf 83' lang='lat' dir='ltr'><strong>bandum</strong></span> <span class='ocrx_word' id='word_1_471' title='bbox 1860 1286 1985 1328; x_wconf 78' lang='lat' dir='ltr'><strong>esse.</strong></span> <span class='ocrx_word' id='word_1_472' title='bbox 2010 1269 2375 1342; x_wconf 78' lang='lat' dir='ltr'><strong>Intelligimus</strong></span> <span class='ocrx_word' id='word_1_473' title='bbox 2412 1269 2608 1344; x_wconf 80' lang='lat' dir='ltr'><strong>igitur,</strong></span> <span class='ocrx_word' id='word_1_474' title='bbox 2646 1269 2754 1325; x_wconf 89' lang='lat' dir='ltr'><strong>dici</strong></span> <span class='ocrx_word' id='word_1_475' title='bbox 2781 1270 2895 1326; x_wconf 82' lang='lat' dir='ltr'><strong>haec</strong></span> 
     </span>
     <span class='ocr_line' id='line_1_67' title="bbox 1575 1347 2895 1421; baseline 0.002 -19"><span class='ocrx_word' id='word_1_476' title='bbox 1575 1347 1642 1402; x_wconf 87' lang='lat' dir='ltr'><strong>de</strong></span> <span class='ocrx_word' id='word_1_477' title='bbox 1682 1349 1763 1410; x_wconf 73' lang='lat' dir='ltr'><strong>iis.</strong></span> <span class='ocrx_word' id='word_1_478' title='bbox 1800 1364 1921 1419; x_wconf 80' lang='lat' dir='ltr'><strong>quoe</strong></span> <span class='ocrx_word' id='word_1_479' title='bbox 1947 1357 2156 1421; x_wconf 85' lang='lat' dir='ltr'><strong>recepta</strong></span> <span class='ocrx_word' id='word_1_480' title='bbox 2196 1359 2251 1406; x_wconf 83' lang='lat' dir='ltr'><strong>ct</strong></span> <span class='ocrx_word' id='word_1_481' title='bbox 2288 1349 2577 1406; x_wconf 83' lang='lat' dir='ltr'><strong>constituta</strong></span> <span class='ocrx_word' id='word_1_482' title='bbox 2602 1355 2731 1405; x_wconf 86' lang='lat' dir='ltr'><strong>sunt</strong></span> <span class='ocrx_word' id='word_1_483' title='bbox 2766 1365 2895 1404; x_wconf 88' lang='lat' dir='ltr'><strong>con·</strong></span> 
     </span>
     <span class='ocr_line' id='line_1_68' title="bbox 1575 1425 2895 1499; baseline -0.001 -17"><span class='ocrx_word' id='word_1_484' title='bbox 1575 1436 1656 1482; x_wconf 79' lang='lat' dir='ltr'><strong>tra</strong></span> <span class='ocrx_word' id='word_1_485' title='bbox 1686 1426 1955 1484; x_wconf 78' lang='lat' dir='ltr'><strong>rationem</strong></span> <span class='ocrx_word' id='word_1_486' title='bbox 1988 1428 2128 1499; x_wconf 79' lang='lat' dir='ltr'><strong>juris</strong></span> <span class='ocrx_word' id='word_1_487' title='bbox 2166 1427 2511 1486; x_wconf 74' lang='lat' dir='ltr'><strong>communis:</strong></span> <span class='ocrx_word' id='word_1_488' title='bbox 2552 1425 2609 1482; x_wconf 89' lang='lat' dir='ltr'><strong>id</strong></span> <span class='ocrx_word' id='word_1_489' title='bbox 2650 1435 2727 1484; x_wconf 86' lang='lat' dir='ltr'><strong>est</strong></span> <span class='ocrx_word' id='word_1_490' title='bbox 2777 1427 2895 1498; x_wconf 82' lang='lat' dir='ltr'><strong>eius</strong></span> 
     </span>
     <span class='ocr_line' id='line_1_69' title="bbox 1557 1505 2905 1578; baseline 0 -18"><span class='ocrx_word' id='word_1_491' title='bbox 1557 1505 1725 1576; x_wconf 85' lang='lat' dir='ltr'><strong>juris,</strong></span> <span class='ocrx_word' id='word_1_492' title='bbox 1762 1507 1913 1576; x_wconf 79' lang='lat' dir='ltr'><strong>quod</strong></span> <span class='ocrx_word' id='word_1_493' title='bbox 1954 1505 2012 1561; x_wconf 87' lang='lat' dir='ltr'><strong>in</strong></span> <span class='ocrx_word' id='word_1_494' title='bbox 2052 1505 2239 1578; x_wconf 80' lang='lat' dir='ltr'><strong>aliquo</strong></span> <span class='ocrx_word' id='word_1_495' title='bbox 2264 1521 2457 1576; x_wconf 77' lang='lat' dir='ltr'><strong>genere</strong></span> <span class='ocrx_word' id='word_1_496' title='bbox 2495 1521 2678 1560; x_wconf 91' lang='lat' dir='ltr'><strong>rerum</strong></span> <span class='ocrx_word' id='word_1_497' title='bbox 2724 1505 2790 1558; x_wconf 91' lang='lat' dir='ltr'><strong>de</strong></span> <span class='ocrx_word' id='word_1_498' title='bbox 2815 1513 2905 1560; x_wconf 82' lang='lat' dir='ltr'><strong>to-·</strong></span> 
     </span>
     <span class='ocr_line' id='line_1_70' title="bbox 1568 1582 2893 1652; baseline 0 -14"><span class='ocrx_word' id='word_1_499' title='bbox 1568 1593 1622 1638; x_wconf 90' lang='lat' dir='ltr'><strong>to</strong></span> <span class='ocrx_word' id='word_1_500' title='bbox 1661 1599 1861 1652; x_wconf 77' lang='lat' dir='ltr'><strong>genere</strong></span> <span class='ocrx_word' id='word_1_501' title='bbox 1898 1585 1979 1638; x_wconf 78' lang='lat' dir='ltr'><strong>vel</strong></span> <span class='ocrx_word' id='word_1_502' title='bbox 2024 1582 2201 1640; x_wconf 81' lang='lat' dir='ltr'><strong>verbis</strong></span> <span class='ocrx_word' id='word_1_503' title='bbox 2215 1625 2231 1648; x_wconf 92' lang='lat'>‚</span> <span class='ocrx_word' id='word_1_504' title='bbox 2270 1584 2353 1639; x_wconf 89' lang='lat' dir='ltr'><strong>vel</strong></span> <span class='ocrx_word' id='word_1_505' title='bbox 2396 1583 2603 1640; x_wconf 86' lang='lat' dir='ltr'><strong>ratione</strong></span> <span class='ocrx_word' id='word_1_506' title='bbox 2642 1583 2699 1638; x_wconf 90' lang='lat' dir='ltr'><strong>in</strong></span> <span class='ocrx_word' id='word_1_507' title='bbox 2743 1599 2893 1638; x_wconf 87' lang='lat' dir='ltr'><strong>com·-</strong></span> 
     </span>
     <span class='ocr_line' id='line_1_71' title="bbox 1571 1660 2888 1732; baseline -0.001 -16"><span class='ocrx_word' id='word_1_508' title='bbox 1571 1677 1754 1724; x_wconf 85' lang='lat' dir='ltr'><strong>mune,</strong></span> <span class='ocrx_word' id='word_1_509' title='bbox 1788 1669 1843 1716; x_wconf 87' lang='lat' dir='ltr'><strong>et</strong></span> <span class='ocrx_word' id='word_1_510' title='bbox 1882 1661 1941 1718; x_wconf 87' lang='lat' dir='ltr'><strong>in</strong></span> <span class='ocrx_word' id='word_1_511' title='bbox 1982 1661 2293 1718; x_wconf 77' lang='lat' dir='ltr'><strong>universum</strong></span> <span class='ocrx_word' id='word_1_512' title='bbox 2324 1660 2497 1732; x_wconf 87' lang='lat' dir='ltr'><strong>primo</strong></span> <span class='ocrx_word' id='word_1_513' title='bbox 2534 1660 2888 1718; x_wconf 87' lang='lat' dir='ltr'><strong>constitutum</strong></span> 
     </span>
     <span class='ocr_line' id='line_1_72' title="bbox 1563 1739 2888 1810; baseline 0 -14"><span class='ocrx_word' id='word_1_514' title='bbox 1563 1749 1667 1802; x_wconf 61' lang='grc' dir='ltr'><strong>αι,</strong></span> <span class='ocrx_word' id='word_1_515' title='bbox 1694 1748 1807 1810; x_wconf 84' lang='lat' dir='ltr'><strong>post</strong></span> <span class='ocrx_word' id='word_1_516' title='bbox 1842 1739 1913 1796; x_wconf 84' lang='lat' dir='ltr'><strong>ab</strong></span> <span class='ocrx_word' id='word_1_517' title='bbox 1954 1755 2017 1796; x_wconf 86' lang='lat' dir='ltr'><strong>eo</strong></span> <span class='ocrx_word' id='word_1_518' title='bbox 2050 1740 2199 1796; x_wconf 84' lang='lat' dir='ltr'><strong>velut</strong></span> <span class='ocrx_word' id='word_1_519' title='bbox 2232 1739 2578 1810; x_wconf 83' lang='lat' dir='ltr'><strong>excipiuntur</strong></span> <span class='ocrx_word' id='word_1_520' title='bbox 2620 1756 2680 1797; x_wconf 87' lang='lat' dir='ltr'><strong>ea</strong></span> <span class='ocrx_word' id='word_1_521' title='bbox 2700 1782 2713 1804; x_wconf 97' lang='lat'><strong>,</strong></span> <span class='ocrx_word' id='word_1_522' title='bbox 2764 1755 2888 1809; x_wconf 80' lang='lat' dir='ltr'><strong>quoe</strong></span> 
     </span>
     <span class='ocr_line' id='line_1_73' title="bbox 1563 1817 2891 1891; baseline 0 -19"><span class='ocrx_word' id='word_1_523' title='bbox 1563 1826 1747 1874; x_wconf 81' lang='lat' dir='ltr'><strong>contra</strong></span> <span class='ocrx_word' id='word_1_524' title='bbox 1786 1818 2051 1874; x_wconf 88' lang='lat' dir='ltr'><strong>rationem</strong></span> <span class='ocrx_word' id='word_1_525' title='bbox 2092 1833 2437 1872; x_wconf 86' lang='lat' dir='ltr'><strong>communem</strong></span> <span class='ocrx_word' id='word_1_526' title='bbox 2478 1817 2593 1890; x_wconf 80' lang='lat' dir='ltr'><strong>ejus</strong></span> <span class='ocrx_word' id='word_1_527' title='bbox 2642 1818 2781 1891; x_wconf 85' lang='lat' dir='ltr'><strong>juris</strong></span> <span class='ocrx_word' id='word_1_528' title='bbox 2810 1833 2891 1872; x_wconf 89' lang='lat' dir='ltr'><strong>re-</strong></span> 
     </span>
     <span class='ocr_line' id='line_1_74' title="bbox 1559 1893 2883 1970; baseline 0.002 -20"><span class='ocrx_word' id='word_1_529' title='bbox 1559 1905 1711 1967; x_wconf 84' lang='lat' dir='ltr'><strong>cepta</strong></span> <span class='ocrx_word' id='word_1_530' title='bbox 1766 1896 2017 1952; x_wconf 85' lang='lat' dir='ltr'><strong>dicimus.</strong></span> <span class='ocrx_word' id='word_1_531' title='bbox 2066 1895 2235 1969; x_wconf 78' lang='lat' dir='ltr'><strong>Cujus</strong></span> <span class='ocrx_word' id='word_1_532' title='bbox 2300 1893 2509 1968; x_wconf 80' lang='lat' dir='ltr'><strong>generis</strong></span> <span class='ocrx_word' id='word_1_533' title='bbox 2566 1898 2655 1970; x_wconf 80' lang='lat' dir='ltr'><strong>jus</strong></span> <span class='ocrx_word' id='word_1_534' title='bbox 2680 1937 2695 1960; x_wconf 92' lang='lat'>‚</span> <span class='ocrx_word' id='word_1_535' title='bbox 2748 1895 2883 1968; x_wconf 86' lang='lat' dir='ltr'><strong>quia</strong></span> 
     </span>
     <span class='ocr_line' id='line_1_75' title="bbox 1558 1973 2881 2045; baseline 0.002 -18"><span class='ocrx_word' id='word_1_536' title='bbox 1558 1974 1777 2045; x_wconf 84' lang='lat' dir='ltr'><strong>propria</strong></span> <span class='ocrx_word' id='word_1_537' title='bbox 1806 1973 2149 2045; x_wconf 78' lang='lat' dir='ltr'><strong>etsingulari</strong></span> <span class='ocrx_word' id='word_1_538' title='bbox 2164 1973 2375 2030; x_wconf 87' lang='lat' dir='ltr'><strong>ratione</strong></span> <span class='ocrx_word' id='word_1_539' title='bbox 2394 1973 2550 2032; x_wconf 88' lang='lat' dir='ltr'><strong>certis</strong></span> <span class='ocrx_word' id='word_1_540' title='bbox 2566 1983 2781 2032; x_wconf 75' lang='lat' dir='ltr'><strong>tantum</strong></span> <span class='ocrx_word' id='word_1_541' title='bbox 2824 1975 2881 2030; x_wconf 91' lang='lat' dir='ltr'><strong>in</strong></span> 
     </span>
     <span class='ocr_line' id='line_1_76' title="bbox 1555 2051 2885 2124; baseline 0.001 -16"><span class='ocrx_word' id='word_1_542' title='bbox 1555 2053 1785 2117; x_wconf 76' lang='lat' dir='ltr'><strong>caussis,</strong></span> <span class='ocrx_word' id='word_1_543' title='bbox 1824 2061 1919 2108; x_wconf 80' lang='lat' dir='ltr'><strong>aut</strong></span> <span class='ocrx_word' id='word_1_544' title='bbox 1956 2051 2195 2124; x_wconf 86' lang='lat' dir='ltr'><strong>personis</strong></span> <span class='ocrx_word' id='word_1_545' title='bbox 2234 2051 2598 2116; x_wconf 85' lang='lat' dir='ltr'><strong>constituitur,</strong></span> <span class='ocrx_word' id='word_1_546' title='bbox 2638 2053 2760 2110; x_wconf 90' lang='lat' dir='ltr'><strong>ideo</strong></span> <span class='ocrx_word' id='word_1_547' title='bbox 2802 2053 2885 2110; x_wconf 84' lang='lat' dir='ltr'><strong>di-</strong></span> 
     </span>
     <span class='ocr_line' id='line_1_77' title="bbox 1557 2130 2884 2202; baseline 0.002 -13"><span class='ocrx_word' id='word_1_548' title='bbox 1557 2130 1699 2189; x_wconf 80' lang='lat' dir='ltr'><strong>citur</strong></span> <span class='ocrx_word' id='word_1_549' title='bbox 1731 2134 1829 2200; x_wconf 73' lang='lat' dir='ltr'><strong>jm</strong></span> <span class='ocrx_word' id='word_1_550' title='bbox 1866 2133 2160 2202; x_wconf 58' lang='lat' dir='ltr'><strong>singulare.</strong></span> <span class='ocrx_word' id='word_1_551' title='bbox 2198 2131 2353 2188; x_wconf 87' lang='lat' dir='ltr'><strong>Unde</strong></span> <span class='ocrx_word' id='word_1_552' title='bbox 2395 2141 2449 2187; x_wconf 85' lang='lat' dir='ltr'><strong>et</strong></span> <span class='ocrx_word' id='word_1_553' title='bbox 2482 2130 2743 2188; x_wconf 79' lang='lat' dir='ltr'><strong>definitur</strong></span> <span class='ocrx_word' id='word_1_554' title='bbox 2782 2132 2884 2191; x_wconf 83' lang='lat' dir='ltr'><strong>hoe</strong></span> 
     </span>
     <span class='ocr_line' id='line_1_78' title="bbox 1558 2211 2881 2281; baseline 0.002 -17"><span class='ocrx_word' id='word_1_555' title='bbox 1558 2211 1753 2273; x_wconf 80' lang='lat' dir='ltr'><strong>modo,</strong></span> <span class='ocrx_word' id='word_1_556' title='bbox 1790 2217 1853 2266; x_wconf 87' lang='lat' dir='ltr'><strong>ut</strong></span> <span class='ocrx_word' id='word_1_557' title='bbox 1888 2211 1991 2273; x_wconf 87' lang='lat' dir='ltr'><strong>sit,</strong></span> <span class='ocrx_word' id='word_1_558' title='bbox 2027 2211 2170 2281; x_wconf 78' lang='lat' dir='ltr'><strong>quod</strong></span> <span class='ocrx_word' id='word_1_559' title='bbox 2215 2218 2401 2266; x_wconf 75' lang='lat' dir='ltr'><strong>contra</strong></span> <span class='ocrx_word' id='word_1_560' title='bbox 2436 2217 2665 2266; x_wconf 76' lang='lat' dir='ltr'><strong>tenorem</strong></span> <span class='ocrx_word' id='word_1_561' title='bbox 2717 2213 2881 2277; x_wconf 59' lang='lat' dir='ltr'><strong>ratio:</strong></span> 
     </span>
     <span class='ocr_line' id='line_1_79' title="bbox 1555 2289 2881 2359; baseline 0.002 -16"><span class='ocrx_word' id='word_1_562' title='bbox 1555 2289 1642 2343; x_wconf 73' lang='lat' dir='ltr'><strong>nie</strong></span> <span class='ocrx_word' id='word_1_563' title='bbox 1677 2295 1893 2357; x_wconf 73' lang='lat' dir='ltr'><strong>propter</strong></span> <span class='ocrx_word' id='word_1_564' title='bbox 1946 2290 2193 2359; x_wconf 72' lang='lat' dir='ltr'><strong>aliquam</strong></span> <span class='ocrx_word' id='word_1_565' title='bbox 2246 2291 2527 2348; x_wconf 72' lang='lat' dir='ltr'><strong>utilitatem</strong></span> <span class='ocrx_word' id='word_1_566' title='bbox 2570 2293 2881 2346; x_wconf 74' lang='lat' dir='ltr'><strong>auctoritate</strong></span> 
     </span>
     <span class='ocr_line' id='line_1_80' title="bbox 1553 2363 2881 2438; baseline 0.003 -20"><span class='ocrx_word' id='word_1_567' title='bbox 1553 2369 1979 2422; x_wconf 63' lang='lat' dir='ltr'><strong>constituentium</strong></span> <span class='ocrx_word' id='word_1_568' title='bbox 2016 2363 2367 2422; x_wconf 77' lang='lat' dir='ltr'><strong>introductum</strong></span> <span class='ocrx_word' id='word_1_569' title='bbox 2406 2375 2498 2422; x_wconf 78' lang='lat' dir='ltr'><strong>est.</strong></span> <span class='ocrx_word' id='word_1_570' title='bbox 2540 2367 2601 2423; x_wconf 76' lang='lat' dir='ltr'><strong>L.</strong></span> <span class='ocrx_word' id='word_1_571' title='bbox 2629 2368 2727 2438; x_wconf 77' lang='lat' dir='ltr'><strong>jus</strong></span> <span class='ocrx_word' id='word_1_572' title='bbox 2775 2371 2881 2422; x_wconf 76' lang='lat' dir='ltr'><strong>sin-</strong></span> 
     </span>
     <span class='ocr_line' id='line_1_81' title="bbox 1552 2444 2883 2515; baseline 0.002 -17"><span class='ocrx_word' id='word_1_573' title='bbox 1552 2446 1768 2511; x_wconf 69' lang='lat' dir='ltr'><strong>oraelare.</strong></span> <span class='ocrx_word' id='word_1_574' title='bbox 1806 2445 1877 2502; x_wconf 91' lang='lat' dir='ltr'><strong>D.</strong></span> <span class='ocrx_word' id='word_1_575' title='bbox 1911 2446 1975 2501; x_wconf 69' lang='lat' dir='ltr'><strong>de</strong></span> <span class='ocrx_word' id='word_1_576' title='bbox 2014 2444 2171 2515; x_wconf 70' lang='lat' dir='ltr'><strong>teqib.</strong></span> <span class='ocrx_word' id='word_1_577' title='bbox 2206 2445 2403 2502; x_wconf 82' lang='lat' dir='ltr'><strong>Contra</strong></span> <span class='ocrx_word' id='word_1_578' title='bbox 2439 2455 2679 2502; x_wconf 79' lang='lat' dir='ltr'><strong>tenorem</strong></span> <span class='ocrx_word' id='word_1_579' title='bbox 2722 2445 2883 2502; x_wconf 84' lang='lat' dir='ltr'><strong>ratio-</strong></span> 
     </span>
     <span class='ocr_line' id='line_1_82' title="bbox 1561 2521 2879 2595; baseline 0.001 -16"><span class='ocrx_word' id='word_1_580' title='bbox 1561 2521 1673 2586; x_wconf 89' lang='lat' dir='ltr'><strong>nis,</strong></span> <span class='ocrx_word' id='word_1_581' title='bbox 1699 2523 1754 2578; x_wconf 86' lang='lat' dir='ltr'><strong>id</strong></span> <span class='ocrx_word' id='word_1_582' title='bbox 1804 2532 1883 2578; x_wconf 80' lang='lat' dir='ltr'><strong>cst</strong></span> <span class='ocrx_word' id='word_1_583' title='bbox 1930 2535 2115 2578; x_wconf 89' lang='lat' dir='ltr'><strong>contra</strong></span> <span class='ocrx_word' id='word_1_584' title='bbox 2158 2522 2247 2587; x_wconf 90' lang='lat' dir='ltr'><strong>id,</strong></span> <span class='ocrx_word' id='word_1_585' title='bbox 2287 2523 2434 2595; x_wconf 86' lang='lat' dir='ltr'><strong>quod</strong></span> <span class='ocrx_word' id='word_1_586' title='bbox 2458 2524 2763 2580; x_wconf 89' lang='lat' dir='ltr'><strong>communis</strong></span> <span class='ocrx_word' id='word_1_587' title='bbox 2826 2534 2879 2580; x_wconf 88' lang='lat' dir='ltr'><strong>et</strong></span> 
     </span>
     <span class='ocr_line' id='line_1_83' title="bbox 1557 2601 2877 2675; baseline 0.002 -19"><span class='ocrx_word' id='word_1_588' title='bbox 1557 2614 1811 2673; x_wconf 82' lang='lat' dir='ltr'><strong>perpetua</strong></span> <span class='ocrx_word' id='word_1_589' title='bbox 1878 2603 2017 2658; x_wconf 86' lang='lat' dir='ltr'><strong>ratio</strong></span> <span class='ocrx_word' id='word_1_590' title='bbox 2068 2601 2207 2675; x_wconf 85' lang='lat' dir='ltr'><strong>juris</strong></span> <span class='ocrx_word' id='word_1_591' title='bbox 2252 2601 2437 2659; x_wconf 86' lang='lat' dir='ltr'><strong>dictat.</strong></span> <span class='ocrx_word' id='word_1_592' title='bbox 2512 2604 2681 2659; x_wconf 74' lang='lat' dir='ltr'><strong>Tcnor</strong></span> <span class='ocrx_word' id='word_1_593' title='bbox 2728 2603 2877 2659; x_wconf 88' lang='lat' dir='ltr'><strong>enim</strong></span> 
     </span>
     <span class='ocr_line' id='line_1_84' title="bbox 1564 2680 2879 2753; baseline 0.002 -18"><span class='ocrx_word' id='word_1_594' title='bbox 1564 2680 1771 2737; x_wconf 79' lang='lat' dir='ltr'><strong>Latinis</strong></span> <span class='ocrx_word' id='word_1_595' title='bbox 1818 2682 2177 2745; x_wconf 74' lang='lat' dir='ltr'><strong>constantiam</strong></span> <span class='ocrx_word' id='word_1_596' title='bbox 2228 2688 2280 2737; x_wconf 87' lang='lat' dir='ltr'><strong>ct</strong></span> <span class='ocrx_word' id='word_1_597' title='bbox 2330 2683 2738 2753; x_wconf 73' lang='lat' dir='ltr'><strong>perpetuitatem</strong></span> <span class='ocrx_word' id='word_1_598' title='bbox 2780 2682 2879 2738; x_wconf 90' lang='lat' dir='ltr'><strong>ali-</strong></span> 
     </span>
     <span class='ocr_line' id='line_1_85' title="bbox 1557 2757 2878 2835; baseline 0 -19"><span class='ocrx_word' id='word_1_599' title='bbox 1557 2757 1712 2829; x_wconf 83' lang='lat' dir='ltr'><strong>cujus</strong></span> <span class='ocrx_word' id='word_1_600' title='bbox 1748 2760 1975 2817; x_wconf 82' lang='lat' dir='ltr'><strong>actionis</strong></span> <span class='ocrx_word' id='word_1_601' title='bbox 2012 2760 2308 2829; x_wconf 78' lang='lat' dir='ltr'><strong>significat,</strong></span> <span class='ocrx_word' id='word_1_602' title='bbox 2342 2760 2453 2835; x_wconf 45' lang='lat' dir='ltr'><strong>‘ubi</strong></span> <span class='ocrx_word' id='word_1_603' title='bbox 2490 2760 2674 2817; x_wconf 82' lang='lat' dir='ltr'><strong>omnia</strong></span> <span class='ocrx_word' id='word_1_604' title='bbox 2715 2759 2771 2815; x_wconf 89' lang='lat' dir='ltr'><strong>in</strong></span> <span class='ocrx_word' id='word_1_605' title='bbox 2816 2776 2878 2816; x_wconf 79' lang='lat' dir='ltr'><strong>ea</strong></span> 
     </span>
     <span class='ocr_line' id='line_1_86' title="bbox 1557 2836 2877 2903; baseline 0.002 -13"><span class='ocrx_word' id='word_1_606' title='bbox 1557 2836 1769 2893; x_wconf 85' lang='lat' dir='ltr'><strong>actione</strong></span> <span class='ocrx_word' id='word_1_607' title='bbox 1807 2838 1917 2894; x_wconf 86' lang='lat' dir='ltr'><strong>alia</strong></span> <span class='ocrx_word' id='word_1_608' title='bbox 1955 2840 2105 2893; x_wconf 74' lang='lat' dir='ltr'><strong>velut</strong></span> <span class='ocrx_word' id='word_1_609' title='bbox 2140 2846 2394 2896; x_wconf 85' lang='lat' dir='ltr'><strong>tenentur</strong></span> <span class='ocrx_word' id='word_1_610' title='bbox 2432 2840 2503 2894; x_wconf 86' lang='lat' dir='ltr'><strong>ab</strong></span> <span class='ocrx_word' id='word_1_611' title='bbox 2543 2838 2698 2903; x_wconf 82' lang='lat' dir='ltr'><strong>aliis,</strong></span> <span class='ocrx_word' id='word_1_612' title='bbox 2735 2838 2877 2893; x_wconf 86' lang='lat' dir='ltr'><strong>nihil</strong></span> 
     </span>
     <span class='ocr_line' id='line_1_87' title="bbox 1561 2915 2879 2988; baseline 0.001 -20"><span class='ocrx_word' id='word_1_613' title='bbox 1561 2924 1619 2971; x_wconf 88' lang='lat' dir='ltr'><strong>ut</strong></span> <span class='ocrx_word' id='word_1_614' title='bbox 1643 2917 1713 2973; x_wconf 88' lang='lat' dir='ltr'><strong>sit</strong></span> <span class='ocrx_word' id='word_1_615' title='bbox 1736 2916 2071 2988; x_wconf 85' lang='lat' dir='ltr'><strong>disjunctum</strong></span> <span class='ocrx_word' id='word_1_616' title='bbox 2107 2925 2203 2973; x_wconf 88' lang='lat' dir='ltr'><strong>aut</strong></span> <span class='ocrx_word' id='word_1_617' title='bbox 2226 2915 2505 2978; x_wconf 84' lang='lat' dir='ltr'><strong>dissimile,</strong></span> <span class='ocrx_word' id='word_1_618' title='bbox 2539 2927 2597 2973; x_wconf 92' lang='lat' dir='ltr'><strong>ut</strong></span> <span class='ocrx_word' id='word_1_619' title='bbox 2621 2922 2769 2973; x_wconf 77' lang='lat' dir='ltr'><strong>tenor</strong></span> <span class='ocrx_word' id='word_1_620' title='bbox 2782 2919 2879 2987; x_wconf 78' lang='lat' dir='ltr'><strong>ju-</strong></span> 
     </span>
     <span class='ocr_line' id='line_1_88' title="bbox 1555 2993 2876 3065; baseline 0 -16"><span class='ocrx_word' id='word_1_621' title='bbox 1555 2995 1872 3051; x_wconf 72' lang='lat' dir='ltr'><strong>risdictionis</strong></span> <span class='ocrx_word' id='word_1_622' title='bbox 1900 2995 1957 3051; x_wconf 89' lang='lat' dir='ltr'><strong>in</strong></span> <span class='ocrx_word' id='word_1_623' title='bbox 1988 2996 2049 3053; x_wconf 90' lang='lat' dir='ltr'><strong>L.</strong></span> <span class='ocrx_word' id='word_1_624' title='bbox 2074 2996 2129 3051; x_wconf 83' lang='lat'><strong>5.</strong></span> <span class='ocrx_word' id='word_1_625' title='bbox 2169 2995 2226 3050; x_wconf 80' lang='lat' dir='ltr'><strong>C.</strong></span> <span class='ocrx_word' id='word_1_626' title='bbox 2252 2993 2395 3065; x_wconf 74' lang='lat' dir='ltr'><strong>quod</strong></span> <span class='ocrx_word' id='word_1_627' title='bbox 2433 3004 2552 3051; x_wconf 79' lang='lat' dir='ltr'><strong>met.</strong></span> <span class='ocrx_word' id='word_1_628' title='bbox 2577 3011 2719 3051; x_wconf 77' lang='lat' dir='ltr'><strong>caus.</strong></span> <span class='ocrx_word' id='word_1_629' title='bbox 2746 3012 2876 3049; x_wconf 91' lang='lat' dir='ltr'><strong>cum</strong></span> 
     </span>
     <span class='ocr_line' id='line_1_89' title="bbox 1557 3070 2879 3144; baseline 0.001 -17"><span class='ocrx_word' id='word_1_630' title='bbox 1557 3070 1616 3127; x_wconf 88' lang='lat' dir='ltr'><strong>in</strong></span> <span class='ocrx_word' id='word_1_631' title='bbox 1640 3072 1825 3144; x_wconf 80' lang='lat' dir='ltr'><strong>aliqua</strong></span> <span class='ocrx_word' id='word_1_632' title='bbox 1852 3090 2033 3129; x_wconf 87' lang='lat' dir='ltr'><strong>caussa</strong></span> <span class='ocrx_word' id='word_1_633' title='bbox 2070 3073 2157 3144; x_wconf 86' lang='lat' dir='ltr'><strong>jus</strong></span> <span class='ocrx_word' id='word_1_634' title='bbox 2197 3088 2397 3135; x_wconf 89' lang='lat' dir='ltr'><strong>unum,</strong></span> <span class='ocrx_word' id='word_1_635' title='bbox 2434 3081 2487 3129; x_wconf 88' lang='lat' dir='ltr'><strong>et</strong></span> <span class='ocrx_word' id='word_1_636' title='bbox 2525 3074 2668 3129; x_wconf 83' lang='lat' dir='ltr'><strong>idem</strong></span> <span class='ocrx_word' id='word_1_637' title='bbox 2697 3088 2879 3143; x_wconf 88' lang='lat' dir='ltr'><strong>perpe-</strong></span> 
     </span>
     <span class='ocr_line' id='line_1_90' title="bbox 1557 3150 2877 3210; baseline 0.002 -5"><span class='ocrx_word' id='word_1_638' title='bbox 1557 3158 1677 3209; x_wconf 84' lang='lat' dir='ltr'><strong>tuo.</strong></span> <span class='ocrx_word' id='word_1_639' title='bbox 1700 3160 1753 3205; x_wconf 87' lang='lat' dir='ltr'><strong>et</strong></span> <span class='ocrx_word' id='word_1_640' title='bbox 1776 3161 2080 3210; x_wconf 76' lang='lat' dir='ltr'><strong>constanter</strong></span> <span class='ocrx_word' id='word_1_641' title='bbox 2120 3150 2383 3207; x_wconf 86' lang='lat' dir='ltr'><strong>redditur.</strong></span> <span class='ocrx_word' id='word_1_642' title='bbox 2423 3150 2493 3207; x_wconf 88' lang='lat' dir='ltr'><strong>Et</strong></span> <span class='ocrx_word' id='word_1_643' title='bbox 2533 3152 2777 3207; x_wconf 83' lang='lat' dir='ltr'><strong>Ciceroni</strong></span> <span class='ocrx_word' id='word_1_644' title='bbox 2814 3155 2877 3207; x_wconf 81' lang='lat' dir='ltr'><strong>in</strong></span> 
     </span>
     <span class='ocr_line' id='line_1_91' title="bbox 1560 3228 2877 3293; baseline 0.002 -9"><span class='ocrx_word' id='word_1_645' title='bbox 1560 3228 1785 3285; x_wconf 76' lang='lat' dir='ltr'><strong>Oratore</strong></span> <span class='ocrx_word' id='word_1_646' title='bbox 1812 3231 1882 3284; x_wconf 85' lang='lat' dir='ltr'><strong>ad</strong></span> <span class='ocrx_word' id='word_1_647' title='bbox 1909 3230 2143 3287; x_wconf 87' lang='lat' dir='ltr'><strong>Brutum</strong></span> <span class='ocrx_word' id='word_1_648' title='bbox 2168 3238 2315 3285; x_wconf 70' lang='lat' dir='ltr'><strong>teum</strong></span> <span class='ocrx_word' id='word_1_649' title='bbox 2340 3230 2561 3293; x_wconf 77' lang='lat' dir='ltr'><strong>dicendi,</strong></span> <span class='ocrx_word' id='word_1_650' title='bbox 2587 3230 2679 3287; x_wconf 89' lang='lat' dir='ltr'><strong>ubi</strong></span> <span class='ocrx_word' id='word_1_651' title='bbox 2710 3230 2767 3285; x_wconf 90' lang='lat' dir='ltr'><strong>in</strong></span> <span class='ocrx_word' id='word_1_652' title='bbox 2794 3230 2877 3287; x_wconf 92' lang='lat' dir='ltr'><strong>di-</strong></span> 
     </span>
     <span class='ocr_line' id='line_1_92' title="bbox 1557 3307 2875 3379; baseline 0.005 -20"><span class='ocrx_word' id='word_1_653' title='bbox 1557 3307 1728 3362; x_wconf 90' lang='lat' dir='ltr'><strong>cendo</strong></span> <span class='ocrx_word' id='word_1_654' title='bbox 1754 3319 2007 3378; x_wconf 83' lang='lat' dir='ltr'><strong>perpetua</strong></span> <span class='ocrx_word' id='word_1_655' title='bbox 2032 3318 2111 3364; x_wconf 88' lang='lat' dir='ltr'><strong>cst</strong></span> <span class='ocrx_word' id='word_1_656' title='bbox 2132 3308 2431 3377; x_wconf 81' lang='lat' dir='ltr'><strong>aequalitas,</strong></span> <span class='ocrx_word' id='word_1_657' title='bbox 2452 3320 2505 3365; x_wconf 89' lang='lat' dir='ltr'><strong>et</strong></span> <span class='ocrx_word' id='word_1_658' title='bbox 2518 3308 2875 3379; x_wconf 68' lang='lat' dir='ltr'><strong>aequabilitas.</strong></span> 
     </span>
     <span class='ocr_line' id='line_1_93' title="bbox 1552 3383 2877 3451; baseline 0.005 -12"><span class='ocrx_word' id='word_1_659' title='bbox 1552 3383 1675 3451; x_wconf 87' lang='lat' dir='ltr'><strong>Quo</strong></span> <span class='ocrx_word' id='word_1_660' title='bbox 1701 3388 1861 3441; x_wconf 85' lang='lat' dir='ltr'><strong>modo</strong></span> <span class='ocrx_word' id='word_1_661' title='bbox 1888 3386 2027 3443; x_wconf 86' lang='lat' dir='ltr'><strong>dixit</strong></span> <span class='ocrx_word' id='word_1_662' title='bbox 2070 3386 2412 3450; x_wconf 83' lang='lat' dir='ltr'><strong>Alexander,</strong></span> <span class='ocrx_word' id='word_1_663' title='bbox 2446 3398 2686 3445; x_wconf 81' lang='lat' dir='ltr'><strong>secutum</strong></span> <span class='ocrx_word' id='word_1_664' title='bbox 2712 3405 2766 3445; x_wconf 87' lang='lat' dir='ltr'><strong>se</strong></span> <span class='ocrx_word' id='word_1_665' title='bbox 2804 3396 2877 3445; x_wconf 77' lang='lat' dir='ltr'><strong>te-</strong></span> 
     </span>
     <span class='ocr_line' id='line_1_94' title="bbox 1553 3466 2876 3537; baseline 0.006 -20"><span class='ocrx_word' id='word_1_666' title='bbox 1553 3470 1737 3519; x_wconf 71' lang='lat' dir='ltr'><strong>norem</strong></span> <span class='ocrx_word' id='word_1_667' title='bbox 1775 3466 2122 3534; x_wconf 67' lang='lat' dir='ltr'><strong>inducamim</strong></span> <span class='ocrx_word' id='word_1_668' title='bbox 2161 3480 2299 3529; x_wconf 78' lang='lat' dir='ltr'><strong>suoe,</strong></span> <span class='ocrx_word' id='word_1_669' title='bbox 2340 3482 2555 3537; x_wconf 84' lang='lat' dir='ltr'><strong>poenam</strong></span> <span class='ocrx_word' id='word_1_670' title='bbox 2591 3468 2723 3537; x_wconf 77' lang='lat' dir='ltr'><strong>legis</strong></span> <span class='ocrx_word' id='word_1_671' title='bbox 2750 3466 2876 3525; x_wconf 83' lang='lat' dir='ltr'><strong>Cor-</strong></span> 
     </span>
     <span class='ocr_line' id='line_1_95' title="bbox 1552 3540 2873 3615; baseline 0.005 -20"><span class='ocrx_word' id='word_1_672' title='bbox 1552 3540 1711 3597; x_wconf 76' lang='lat' dir='ltr'><strong>neliae</strong></span> <span class='ocrx_word' id='word_1_673' title='bbox 1750 3540 1969 3599; x_wconf 82' lang='lat' dir='ltr'><strong>cuidam</strong></span> <span class='ocrx_word' id='word_1_674' title='bbox 2012 3552 2247 3615; x_wconf 77' lang='lat' dir='ltr'><strong>propter-</strong></span> <span class='ocrx_word' id='word_1_675' title='bbox 2280 3561 2515 3601; x_wconf 88' lang='lat' dir='ltr'><strong>errorem</strong></span> <span class='ocrx_word' id='word_1_676' title='bbox 2570 3548 2873 3608; x_wconf 86' lang='lat' dir='ltr'><strong>remittere.</strong></span> 
     </span>
     <span class='ocr_line' id='line_1_96' title="bbox 1550 3618 2872 3695; baseline 0.006 -22"><span class='ocrx_word' id='word_1_677' title='bbox 1550 3618 1614 3673; x_wconf 88' lang='lat' dir='ltr'><strong>L.</strong></span> <span class='ocrx_word' id='word_1_678' title='bbox 1640 3636 1767 3689; x_wconf 79' lang='lat' dir='ltr'><strong>pen.</strong></span> <span class='ocrx_word' id='word_1_679' title='bbox 1809 3622 1863 3677; x_wconf 88' lang='lat' dir='ltr'><strong>C.</strong></span> <span class='ocrx_word' id='word_1_680' title='bbox 1904 3625 1967 3679; x_wconf 78' lang='lat' dir='ltr'><strong>do</strong></span> <span class='ocrx_word' id='word_1_681' title='bbox 2006 3622 2121 3684; x_wconf 69' lang='lat' dir='ltr'><strong>his.</strong></span> <span class='ocrx_word' id='word_1_682' title='bbox 2158 3625 2254 3694; x_wconf 78' lang='lat' dir='ltr'><strong>qui</strong></span> <span class='ocrx_word' id='word_1_683' title='bbox 2276 3624 2371 3679; x_wconf 76' lang='lat' dir='ltr'><strong>sib.</strong></span> <span class='ocrx_word' id='word_1_684' title='bbox 2406 3626 2632 3681; x_wconf 70' lang='lat' dir='ltr'><strong>adserit.</strong></span> <span class='ocrx_word' id='word_1_685' title='bbox 2668 3624 2872 3695; x_wconf 82' lang='lat' dir='ltr'><strong>signifi-</strong></span> 
     </span>
     <span class='ocr_line' id='line_1_97' title="bbox 1545 3709 2873 3773; baseline 0.004 -20"><span class='ocrx_word' id='word_1_686' title='bbox 1545 3712 1691 3759; x_wconf 79' lang='lat' dir='ltr'><strong>cans,</strong></span> <span class='ocrx_word' id='word_1_687' title='bbox 1715 3710 1955 3757; x_wconf 81' lang='lat' dir='ltr'><strong>secutum</strong></span> <span class='ocrx_word' id='word_1_688' title='bbox 1980 3716 2045 3757; x_wconf 80' lang='lat' dir='ltr'><strong>se</strong></span> <span class='ocrx_word' id='word_1_689' title='bbox 2074 3709 2391 3773; x_wconf 85' lang='lat' dir='ltr'><strong>perpetuum</strong></span> <span class='ocrx_word' id='word_1_690' title='bbox 2418 3720 2645 3769; x_wconf 89' lang='lat' dir='ltr'><strong>morem,</strong></span> <span class='ocrx_word' id='word_1_691' title='bbox 2668 3713 2722 3760; x_wconf 90' lang='lat' dir='ltr'><strong>et</strong></span> <span class='ocrx_word' id='word_1_692' title='bbox 2745 3720 2873 3761; x_wconf 81' lang='lat' dir='ltr'><strong>eon-</strong></span> 
     </span>
    </p>
   </div>
   <div class='ocr_carea' id='block_1_13' title="bbox 1537 3777 2871 4089">
    <p class='ocr_par' dir='ltr' id='par_1_13' title="bbox 1537 3777 2871 4089">
     <span class='ocr_line' id='line_1_98' title="bbox 1537 3777 2869 3853; baseline 0.006 -23"><span class='ocrx_word' id='word_1_693' title='bbox 1537 3777 1795 3833; x_wconf 81' lang='lat' dir='ltr'><strong>stantiam</strong></span> <span class='ocrx_word' id='word_1_694' title='bbox 1838 3778 2191 3851; x_wconf 61' lang='lat' dir='ltr'><strong>indulgentiae</strong></span> <span class='ocrx_word' id='word_1_695' title='bbox 2222 3797 2347 3853; x_wconf 55' lang='lat' dir='ltr'><strong>sure.</strong></span> <span class='ocrx_word' id='word_1_696' title='bbox 2389 3782 2478 3839; x_wconf 89' lang='lat' dir='ltr'><strong>Sic</strong></span> <span class='ocrx_word' id='word_1_697' title='bbox 2514 3792 2569 3840; x_wconf 90' lang='lat' dir='ltr'><strong>et</strong></span> <span class='ocrx_word' id='word_1_698' title='bbox 2606 3784 2708 3839; x_wconf 88' lang='lat' dir='ltr'><strong>hoc</strong></span> <span class='ocrx_word' id='word_1_699' title='bbox 2748 3785 2869 3839; x_wconf 91' lang='lat' dir='ltr'><strong>loco</strong></span> 
     </span>
     <span class='ocr_line' id='line_1_99' title="bbox 1539 3858 2295 3939; baseline 0.005 -30"><span class='ocrx_word' id='word_1_700' title='bbox 1539 3860 1689 3911; x_wconf 70' lang='lat' dir='ltr'><strong>mor</strong></span> <span class='ocrx_word' id='word_1_701' title='bbox 1726 3858 1968 3923; x_wconf 63' lang='lat' dir='ltr'><strong>racemus,</strong></span> <span class='ocrx_word' id='word_1_702' title='bbox 2007 3858 2104 3914; x_wconf 84' lang='lat' dir='ltr'><strong>uhi</strong></span> <span class='ocrx_word' id='word_1_703' title='bbox 2142 3860 2295 3939; x_wconf 65' lang='lat' dir='ltr'><strong>quod</strong></span> 
     </span>
     <span class='ocr_line' id='line_1_100' title="bbox 1540 3932 2869 4007; baseline 0.005 -20"><span class='ocrx_word' id='word_1_704' title='bbox 1540 3932 1677 3990; x_wconf 80' lang='lat' dir='ltr'><strong>ratio</strong></span> <span class='ocrx_word' id='word_1_705' title='bbox 1716 3934 1776 3991; x_wconf 89' lang='lat' dir='ltr'><strong>in</strong></span> <span class='ocrx_word' id='word_1_706' title='bbox 1803 3952 1913 3993; x_wconf 87' lang='lat' dir='ltr'><strong>una</strong></span> <span class='ocrx_word' id='word_1_707' title='bbox 1942 3937 2129 4007; x_wconf 85' lang='lat' dir='ltr'><strong>aliqua</strong></span> <span class='ocrx_word' id='word_1_708' title='bbox 2170 3953 2391 4005; x_wconf 65' lang='lat' dir='ltr'><strong>caussaz</strong></span> <span class='ocrx_word' id='word_1_709' title='bbox 2427 3939 2484 3995; x_wconf 91' lang='lat' dir='ltr'><strong>id</strong></span> <span class='ocrx_word' id='word_1_710' title='bbox 2518 3937 2623 3997; x_wconf 86' lang='lat' dir='ltr'><strong>sibi</strong></span> <span class='ocrx_word' id='word_1_711' title='bbox 2649 3954 2869 3997; x_wconf 88' lang='lat' dir='ltr'><strong>consen-</strong></span> 
     </span>
     <span class='ocr_line' id='line_1_101' title="bbox 1541 4010 2871 4089; baseline 0.007 -23"><span class='ocrx_word' id='word_1_712' title='bbox 1541 4010 1712 4075; x_wconf 84' lang='lat' dir='ltr'><strong>tiens,</strong></span> <span class='ocrx_word' id='word_1_713' title='bbox 1738 4024 1791 4069; x_wconf 82' lang='lat' dir='ltr'><strong>et</strong></span> <span class='ocrx_word' id='word_1_714' title='bbox 1814 4017 2064 4073; x_wconf 84' lang='lat' dir='ltr'><strong>eumdem</strong></span> <span class='ocrx_word' id='word_1_715' title='bbox 2093 4024 2335 4072; x_wconf 88' lang='lat' dir='ltr'><strong>tenorem</strong></span> <span class='ocrx_word' id='word_1_716' title='bbox 2368 4016 2565 4087; x_wconf 79' lang='lat' dir='ltr'><strong>judicii</strong></span> <span class='ocrx_word' id='word_1_717' title='bbox 2586 4057 2600 4081; x_wconf 90' lang='lat'>‚</span> <span class='ocrx_word' id='word_1_718' title='bbox 2634 4034 2696 4073; x_wconf 87' lang='lat' dir='ltr'><strong>ac</strong></span> <span class='ocrx_word' id='word_1_719' title='bbox 2726 4018 2871 4089; x_wconf 85' lang='lat' dir='ltr'><strong>juris</strong></span> 
     </span>
    </p>
   </div>
   <div class='ocr_carea' id='block_1_14' title="bbox 2332 3858 2869 3927">
    <p class='ocr_par' dir='ltr' id='par_1_14' title="bbox 2332 3858 2869 3927">
     <span class='ocr_line' id='line_1_102' title="bbox 2332 3858 2869 3927; baseline 0.002 -13"><span class='ocrx_word' id='word_1_720' title='bbox 2332 3858 2489 3927; x_wconf 80' lang='lat' dir='ltr'><strong>facit,</strong></span> <span class='ocrx_word' id='word_1_721' title='bbox 2528 3860 2869 3919; x_wconf 87' lang='lat' dir='ltr'><strong>constituitve</strong></span> 
     </span>
    </p>
   </div>
   <div class='ocr_carea' id='block_1_15' title="bbox 1543 4090 2871 4405">
    <p class='ocr_par' dir='ltr' id='par_1_15' title="bbox 1543 4090 2871 4405">
     <span class='ocr_line' id='line_1_103' title="bbox 1543 4090 2871 4165; baseline 0.009 -22"><span class='ocrx_word' id='word_1_722' title='bbox 1543 4090 1796 4155; x_wconf 79' lang='lat' dir='ltr'><strong>retinens,</strong></span> <span class='ocrx_word' id='word_1_723' title='bbox 1824 4092 1969 4159; x_wconf 78' lang='lat' dir='ltr'><strong>facit,</strong></span> <span class='ocrx_word' id='word_1_724' title='bbox 1990 4103 2045 4151; x_wconf 89' lang='lat' dir='ltr'><strong>et</strong></span> <span class='ocrx_word' id='word_1_725' title='bbox 2068 4094 2256 4149; x_wconf 86' lang='lat' dir='ltr'><strong>statuit</strong></span> <span class='ocrx_word' id='word_1_726' title='bbox 2285 4098 2606 4165; x_wconf 75' lang='lat' dir='ltr'><strong>generaliter</strong></span> <span class='ocrx_word' id='word_1_727' title='bbox 2634 4096 2691 4151; x_wconf 91' lang='lat' dir='ltr'><strong>in</strong></span> <span class='ocrx_word' id='word_1_728' title='bbox 2718 4094 2871 4155; x_wconf 79' lang='lat' dir='ltr'><strong>simt-</strong></span> 
     </span>
     <span class='ocr_line' id='line_1_104' title="bbox 1545 4167 2863 4231; baseline 0.006 -8"><span class='ocrx_word' id='word_1_729' title='bbox 1545 4167 1693 4225; x_wconf 81' lang='lat' dir='ltr'><strong>lihus</strong></span> <span class='ocrx_word' id='word_1_730' title='bbox 1716 4172 1991 4229; x_wconf 86' lang='lat' dir='ltr'><strong>omnibus.</strong></span> <span class='ocrx_word' id='word_1_731' title='bbox 2016 4172 2105 4227; x_wconf 83' lang='lat' dir='ltr'><strong>Ab</strong></span> <span class='ocrx_word' id='word_1_732' title='bbox 2132 4172 2235 4227; x_wconf 88' lang='lat' dir='ltr'><strong>hoc</strong></span> <span class='ocrx_word' id='word_1_733' title='bbox 2264 4180 2449 4229; x_wconf 84' lang='lat' dir='ltr'><strong>tenore</strong></span> <span class='ocrx_word' id='word_1_734' title='bbox 2487 4186 2541 4231; x_wconf 89' lang='lat' dir='ltr'><strong>et</strong></span> <span class='ocrx_word' id='word_1_735' title='bbox 2564 4174 2863 4231; x_wconf 83' lang='lat' dir='ltr'><strong>constantia</strong></span> 
     </span>
     <span class='ocr_line' id='line_1_105' title="bbox 1546 4248 2866 4323; baseline 0.007 -23"><span class='ocrx_word' id='word_1_736' title='bbox 1546 4248 1695 4316; x_wconf 85' lang='lat' dir='ltr'><strong>quod</strong></span> <span class='ocrx_word' id='word_1_737' title='bbox 1722 4248 1975 4315; x_wconf 81' lang='lat' dir='ltr'><strong>deflectit,</strong></span> <span class='ocrx_word' id='word_1_738' title='bbox 1996 4252 2083 4321; x_wconf 84' lang='lat' dir='ltr'><strong>jus</strong></span> <span class='ocrx_word' id='word_1_739' title='bbox 2108 4260 2186 4305; x_wconf 89' lang='lat' dir='ltr'><strong>cst</strong></span> <span class='ocrx_word' id='word_1_740' title='bbox 2212 4251 2503 4321; x_wconf 82' lang='lat' dir='ltr'><strong>singulare.</strong></span> <span class='ocrx_word' id='word_1_741' title='bbox 2529 4254 2717 4323; x_wconf 73' lang='lat' dir='ltr'><strong>Neque</strong></span> <span class='ocrx_word' id='word_1_742' title='bbox 2747 4252 2866 4309; x_wconf 88' lang='lat' dir='ltr'><strong>ideo</strong></span> 
     </span>
     <span class='ocr_line' id='line_1_106' title="bbox 1547 4326 2863 4405; baseline 0.005 -25"><span class='ocrx_word' id='word_1_743' title='bbox 1547 4336 1729 4381; x_wconf 82' lang='lat' dir='ltr'><strong>tamen</strong></span> <span class='ocrx_word' id='word_1_744' title='bbox 1770 4326 1831 4382; x_wconf 90' lang='lat' dir='ltr'><strong>id</strong></span> <span class='ocrx_word' id='word_1_745' title='bbox 1850 4329 1941 4399; x_wconf 67' lang='lat' dir='ltr'><strong>ius</strong></span> <span class='ocrx_word' id='word_1_746' title='bbox 1978 4329 2051 4402; x_wconf 82' lang='grc'><strong>(6)</strong></span> <span class='ocrx_word' id='word_1_747' title='bbox 2092 4327 2348 4400; x_wconf 86' lang='lat' dir='ltr'><strong>iniquum</strong></span> <span class='ocrx_word' id='word_1_748' title='bbox 2399 4338 2507 4395; x_wconf 83' lang='lat' dir='ltr'><strong>est,</strong></span> <span class='ocrx_word' id='word_1_749' title='bbox 2544 4330 2755 4405; x_wconf 85' lang='lat' dir='ltr'><strong>alioqui</strong></span> <span class='ocrx_word' id='word_1_750' title='bbox 2794 4348 2863 4389; x_wconf 84' lang='lat' dir='ltr'><strong>ne</strong></span> 
     </span>
    </p>
   </div>
   <div class='ocr_carea' id='block_1_16' title="bbox 215 4456 2861 4544">
    <p class='ocr_par' dir='ltr' id='par_1_16' title="bbox 215 4456 2861 4544">
     <span class='ocr_line' id='line_1_107' title="bbox 215 4456 2861 4544; baseline 0.006 -39"><span class='ocrx_word' id='word_1_751' title='bbox 215 4456 272 4516; x_wconf 75' lang='lat'><strong>(3)</strong></span> <span class='ocrx_word' id='word_1_752' title='bbox 299 4456 455 4529; x_wconf 85' lang='lat' dir='ltr'><strong>Quod</strong></span> <span class='ocrx_word' id='word_1_753' title='bbox 512 4460 570 4511; x_wconf 85' lang='lat' dir='ltr'><strong>in</strong></span> <span class='ocrx_word' id='word_1_754' title='bbox 607 4470 758 4515; x_wconf 82' lang='lat' dir='ltr'><strong>tanta</strong></span> <span class='ocrx_word' id='word_1_755' title='bbox 809 4464 1142 4531; x_wconf 81' lang='lat' dir='ltr'><strong>negotiorum</strong></span> <span class='ocrx_word' id='word_1_756' title='bbox 1198 4464 1458 4515; x_wconf 79' lang='lat' dir='ltr'><strong>varietate</strong></span> <span class='ocrx_word' id='word_1_757' title='bbox 1540 4466 1637 4540; x_wconf 45' lang='lat' dir='ltr'><strong>gie-1</strong></span> <span class='ocrx_word' id='word_1_758' title='bbox 1667 4484 1731 4515; x_wconf 85' lang='lat' dir='ltr'><strong>ne</strong></span> <span class='ocrx_word' id='word_1_759' title='bbox 1756 4466 2069 4544; x_wconf 74' lang='lat' dir='ltr'><strong>irrogante,</strong></span> <span class='ocrx_word' id='word_1_760' title='bbox 2106 4464 2221 4516; x_wconf 88' lang='lat' dir='ltr'><strong>Cic.</strong></span> <span class='ocrx_word' id='word_1_761' title='bbox 2246 4468 2294 4518; x_wconf 82' lang='lat'><strong>3.</strong></span> <span class='ocrx_word' id='word_1_762' title='bbox 2320 4466 2389 4520; x_wconf 83' lang='lat' dir='ltr'><strong>de</strong></span> <span class='ocrx_word' id='word_1_763' title='bbox 2416 4472 2524 4521; x_wconf 86' lang='lat' dir='ltr'><strong>LL.</strong></span> <span class='ocrx_word' id='word_1_764' title='bbox 2550 4468 2861 4520; x_wconf 76' lang='lat' dir='ltr'><strong>Decemviri</strong></span> 
     </span>
    </p>
   </div>
   <div class='ocr_carea' id='block_1_17' title="bbox 177 4524 1455 4599">
    <p class='ocr_par' dir='ltr' id='par_1_17' title="bbox 177 4524 1455 4599">
     <span class='ocr_line' id='line_1_108' title="bbox 177 4524 1455 4599; baseline 0.009 -29"><span class='ocrx_word' id='word_1_765' title='bbox 177 4524 212 4561; x_wconf 64' lang='lat' dir='ltr'>fl</span> <span class='ocrx_word' id='word_1_766' title='bbox 236 4532 422 4573; x_wconf 66' lang='lat' dir='ltr'><strong>natan-:e</strong></span> <span class='ocrx_word' id='word_1_767' title='bbox 462 4529 797 4590; x_wconf 76' lang='lat' dir='ltr'><strong>mutatione,</strong></span> <span class='ocrx_word' id='word_1_768' title='bbox 855 4535 1084 4584; x_wconf 69' lang='lat' dir='ltr'><strong>Corruit.</strong></span> <span class='ocrx_word' id='word_1_769' title='bbox 1147 4536 1330 4584; x_wconf 75' lang='lat' dir='ltr'><strong>Tunta</strong></span> <span class='ocrx_word' id='word_1_770' title='bbox 1356 4570 1374 4593; x_wconf 92' lang='lat'>‚</span> <span class='ocrx_word' id='word_1_771' title='bbox 1405 4528 1455 4599; x_wconf 79' lang='lat'><strong>§-</strong></span> 
     </span>
    </p>
   </div>
   <div class='ocr_carea' id='block_1_18' title="bbox 1539 4532 2861 4601">
    <p class='ocr_par' dir='ltr' id='par_1_18' title="bbox 1539 4532 2861 4601">
     <span class='ocr_line' id='line_1_109' title="bbox 1539 4532 2861 4601; baseline 0.005 -25"><span class='ocrx_word' id='word_1_772' title='bbox 1539 4546 1683 4579; x_wconf 81' lang='lat' dir='ltr'><strong>cmm</strong></span> <span class='ocrx_word' id='word_1_773' title='bbox 1717 4532 2019 4599; x_wconf 69' lang='lat' dir='ltr'><strong>privilegia</strong></span> <span class='ocrx_word' id='word_1_774' title='bbox 2053 4542 2316 4584; x_wconf 77' lang='lat' dir='ltr'><strong>vocarunt</strong></span> <span class='ocrx_word' id='word_1_775' title='bbox 2352 4534 2487 4600; x_wconf 72' lang='lat' dir='ltr'><strong>leges</strong></span> <span class='ocrx_word' id='word_1_776' title='bbox 2532 4534 2588 4582; x_wconf 84' lang='lat' dir='ltr'><strong>in</strong></span> <span class='ocrx_word' id='word_1_777' title='bbox 2626 4535 2861 4601; x_wconf 76' lang='lat' dir='ltr'><strong>privatos</strong></span> 
     </span>
    </p>
   </div>
   <div class='ocr_carea' id='block_1_19' title="bbox 181 4580 2858 4666">
    <p class='ocr_par' dir='ltr' id='par_1_19' title="bbox 181 4580 2858 4666">
     <span class='ocr_line' id='line_1_110' title="bbox 181 4580 2858 4666; baseline 0.009 -38"><span class='ocrx_word' id='word_1_778' title='bbox 181 4580 242 4630; x_wconf 70' lang='grc' dir='ltr'><strong>ιβ.</strong></span> <span class='ocrx_word' id='word_1_779' title='bbox 261 4586 583 4653; x_wconf 74' lang='lat' dir='ltr'><strong>impossibile</strong></span> <span class='ocrx_word' id='word_1_780' title='bbox 605 4601 708 4643; x_wconf 78' lang='lat' dir='ltr'><strong>est.</strong></span> <span class='ocrx_word' id='word_1_781' title='bbox 731 4592 927 4646; x_wconf 77' lang='lat' dir='ltr'><strong>Goedd.</strong></span> <span class='ocrx_word' id='word_1_782' title='bbox 950 4597 1026 4649; x_wconf 79' lang='lat' dir='ltr'><strong>ad</strong></span> <span class='ocrx_word' id='word_1_783' title='bbox 1057 4600 1112 4647; x_wconf 85' lang='lat'><strong>1..</strong></span> <span class='ocrx_word' id='word_1_784' title='bbox 1134 4597 1186 4647; x_wconf 83' lang='lat'><strong>6.</strong></span> <span class='ocrx_word' id='word_1_785' title='bbox 1202 4596 1253 4665; x_wconf 67' lang='grc' dir='ltr'><em>ς</em></span> <span class='ocrx_word' id='word_1_786' title='bbox 1305 4610 1350 4645; x_wconf 85' lang='grc' dir='ltr'><strong>ι.</strong></span> <span class='ocrx_word' id='word_1_787' title='bbox 1384 4604 1453 4647; x_wconf 73' lang='lat' dir='ltr'><strong>aa</strong></span> <span class='ocrx_word' id='word_1_788' title='bbox 1529 4593 1689 4653; x_wconf 52' lang='lat' dir='ltr'><strong>‚latam</strong></span> <span class='ocrx_word' id='word_1_789' title='bbox 1712 4602 1773 4646; x_wconf 83' lang='lat' dir='ltr'><strong>ut</strong></span> <span class='ocrx_word' id='word_1_790' title='bbox 1796 4594 1863 4645; x_wconf 78' lang='lat' dir='ltr'><strong>de</strong></span> <span class='ocrx_word' id='word_1_791' title='bbox 1896 4595 2121 4663; x_wconf 79' lang='lat' dir='ltr'><strong>imperio</strong></span> <span class='ocrx_word' id='word_1_792' title='bbox 2146 4594 2413 4665; x_wconf 85' lang='lat' dir='ltr'><strong>Pompeii,</strong></span> <span class='ocrx_word' id='word_1_793' title='bbox 2438 4606 2545 4651; x_wconf 83' lang='lat' dir='ltr'><strong>etc.</strong></span> <span class='ocrx_word' id='word_1_794' title='bbox 2574 4602 2714 4666; x_wconf 82' lang='lat' dir='ltr'><strong>quod</strong></span> <span class='ocrx_word' id='word_1_795' title='bbox 2740 4600 2858 4651; x_wconf 81' lang='lat' dir='ltr'><strong>fleri</strong></span> 
     </span>
    </p>
   </div>
   <div class='ocr_carea' id='block_1_20' title="bbox 180 4650 670 4721">
    <p class='ocr_par' dir='ltr' id='par_1_20' title="bbox 180 4650 670 4721">
     <span class='ocr_line' id='line_1_111' title="bbox 180 4650 670 4721; baseline 0.033 -30"><span class='ocrx_word' id='word_1_796' title='bbox 180 4650 308 4698; x_wconf 72' lang='lat' dir='ltr'><strong>ter!-</strong></span> <span class='ocrx_word' id='word_1_797' title='bbox 343 4677 484 4721; x_wconf 66' lang='lat' dir='ltr'><strong>sega.</strong></span> <span class='ocrx_word' id='word_1_798' title='bbox 523 4680 582 4708; x_wconf 79' lang='lat' dir='ltr'><strong>u·</strong></span> <span class='ocrx_word' id='word_1_799' title='bbox 617 4656 670 4709; x_wconf 79' lang='grc'><strong>8.</strong></span> 
     </span>
    </p>
   </div>
   <div class='ocr_carea' id='block_1_21' title="bbox 1537 4660 2857 4733">
    <p class='ocr_par' dir='ltr' id='par_1_21' title="bbox 1537 4660 2857 4733">
     <span class='ocr_line' id='line_1_112' title="bbox 1537 4660 2857 4733; baseline 0.009 -28"><span class='ocrx_word' id='word_1_800' title='bbox 1537 4666 1750 4711; x_wconf 66' lang='lat' dir='ltr'><strong>vetatur</strong></span> <span class='ocrx_word' id='word_1_801' title='bbox 1786 4664 1847 4715; x_wconf 87' lang='lat' dir='ltr'><strong>L.</strong></span> <span class='ocrx_word' id='word_1_802' title='bbox 1880 4660 1931 4711; x_wconf 87' lang='lat'><strong>8.</strong></span> <span class='ocrx_word' id='word_1_803' title='bbox 1968 4666 2040 4717; x_wconf 85' lang='grc'><strong>,0.</strong></span> <span class='ocrx_word' id='word_1_804' title='bbox 2080 4662 2151 4717; x_wconf 84' lang='lat' dir='ltr'><strong>de</strong></span> <span class='ocrx_word' id='word_1_805' title='bbox 2188 4667 2298 4717; x_wconf 65' lang='lat' dir='ltr'><strong>LI..</strong></span> <span class='ocrx_word' id='word_1_806' title='bbox 2332 4662 2447 4720; x_wconf 82' lang='lat' dir='ltr'><strong>lcti</strong></span> <span class='ocrx_word' id='word_1_807' title='bbox 2482 4682 2613 4716; x_wconf 83' lang='lat' dir='ltr'><strong>vcro</strong></span> <span class='ocrx_word' id='word_1_808' title='bbox 2644 4684 2757 4733; x_wconf 79' lang='lat' dir='ltr'><strong>quae</strong></span> <span class='ocrx_word' id='word_1_809' title='bbox 2794 4682 2857 4717; x_wconf 78' lang='lat' dir='ltr'><strong>ex</strong></span> 
     </span>
    </p>
   </div>
   <div class='ocr_carea' id='block_1_22' title="bbox 221 4713 2857 4799">
    <p class='ocr_par' dir='ltr' id='par_1_22' title="bbox 221 4713 2857 4799">
     <span class='ocr_line' id='line_1_113' title="bbox 221 4713 2857 4799; baseline 0.004 -30"><span class='ocrx_word' id='word_1_810' title='bbox 221 4713 286 4780; x_wconf 69' lang='grc' dir='ltr'><strong>(ὃ)</strong></span> <span class='ocrx_word' id='word_1_811' title='bbox 315 4716 430 4771; x_wconf 68' lang='lat' dir='ltr'><strong>Non</strong></span> <span class='ocrx_word' id='word_1_812' title='bbox 473 4723 661 4773; x_wconf 64' lang='lat' dir='ltr'><strong>obstat</strong></span> <span class='ocrx_word' id='word_1_813' title='bbox 711 4718 818 4774; x_wconf 79' lang='lat' dir='ltr'><strong>Lex</strong></span> <span class='ocrx_word' id='word_1_814' title='bbox 855 4722 981 4773; x_wconf 79' lang='lat' dir='ltr'><strong>XII.</strong></span> <span class='ocrx_word' id='word_1_815' title='bbox 1015 4724 1180 4776; x_wconf 77' lang='lat' dir='ltr'><strong>Tnhb.</strong></span> <span class='ocrx_word' id='word_1_816' title='bbox 1221 4728 1456 4792; x_wconf 69' lang='lat' dir='ltr'><strong>privile-</strong></span> <span class='ocrx_word' id='word_1_817' title='bbox 1535 4724 1805 4789; x_wconf 67' lang='lat' dir='ltr'><strong>aequitatis</strong></span> <span class='ocrx_word' id='word_1_818' title='bbox 1852 4726 2059 4779; x_wconf 81' lang='lat' dir='ltr'><strong>ratione</strong></span> <span class='ocrx_word' id='word_1_819' title='bbox 2118 4737 2304 4779; x_wconf 78' lang='lat' dir='ltr'><strong>contra</strong></span> <span class='ocrx_word' id='word_1_820' title='bbox 2362 4732 2602 4799; x_wconf 76' lang='lat' dir='ltr'><strong>vulgares</strong></span> <span class='ocrx_word' id='word_1_821' title='bbox 2656 4734 2857 4797; x_wconf 72' lang='lat' dir='ltr'><strong>regulas</strong></span> 
     </span>
    </p>
   </div>
  </div>
 </body>
</html>
