3327 5214
509 179 620 242 12⁷

506 289 736 364 rationis⁴
771 293 968 344 natura
1004 283 1248 358 cognite).
1271 287 1388 342 Hoc
1416 286 1486 342 ab
1512 285 1634 344 aliis
1661 286 1834 342 natio-

505 366 670 424 nibus
694 367 969 424 contemni
994 371 1193 438 potest,
1209 365 1400 436 siquid
1429 365 1628 422 melius
1644 363 1704 420 in
1718 365 1830 421 suis

503 445 772 504 institutis
797 446 1051 510 habeant,
1067 451 1118 501 et
1142 446 1290 517 quod
1314 445 1384 500 ad
1408 443 1831 500 conservandam

504 523 780 581 civitatem
805 523 876 580 sit
903 523 1094 595 aptius.
1119 523 1304 579 Prima
1343 521 1440 576 illa
1471 527 1676 577 naturae
1701 537 1833 593 prae-

503 610 657 674 cepta
675 645 689 670 ,
715 610 767 659 et
793 609 947 658 rectae
974 601 1199 658 rationis
1217 645 1230 669 ‚
1256 601 1324 656 ad
1351 616 1516 671 quam
1545 600 1653 654 sere
1681 613 1712 653 a
1738 613 1833 653 no-

503 683 630 740 stris
667 681 852 738 omnia
893 679 1214 751 exiguntur,
1238 683 1363 734 sunt
1389 675 1681 750 ejusmodi,
1704 693 1827 748 quae

501 759 758 816 omnibus
784 763 910 815 nota
935 775 1045 816 esse
1071 757 1319 822 debeant,
1343 761 1399 812 et
1421 755 1622 827 quibus
1645 771 1830 810 omnes

502 839 872 910 obtemperare
896 843 1152 908 oporteat.
1165 837 1310 899 Esto,
1325 851 1393 890 ne
1418 833 1506 890 his
1531 838 1829 898 teneamur,

504 921 630 981 aut,
655 933 778 972 cum
807 921 1113 980 teneamur,
1129 931 1197 969 ne
1223 913 1332 971 sint
1357 913 1457 967 hoc
1481 913 1601 985 jure
1621 919 1829 982 expres-

502 1011 576 1052 sa.
593 997 667 1050 At
681 996 796 1065 lege
822 993 920 1048 Dei
949 993 1112 1048 verbo
1135 990 1432 1064 ejus‘nobis
1457 989 1654 1046 tradita
1683 993 1829 1044 tene-

394 1125 401 1130 .
501 1089 628 1128 mur
641 1089 842 1129 omnes.
855 1071 970 1129 Etsi
989 1071 1183 1144 hocjus
1199 1072 1361 1125 calex
1386 1085 1496 1124 non
1523 1072 1827 1123 est:tamen

501 1157 858 1222 praeterquam
897 1151 1044 1222 quod
1083 1155 1249 1206 estex
1283 1164 1346 1203 ea
1370 1147 1517 1216 lege,
1541 1161 1649 1218 qua
1678 1152 1827 1217 parte

503 1229 750 1286 homines
789 1228 1040 1298 attingit,
1081 1229 1228 1282 velut
1277 1241 1608 1297 expressum:
1659 1223 1825 1282 etiam

503 1307 670 1364 totius
695 1308 813 1379 ejus
849 1306 1018 1378 partis
1055 1305 1188 1376 legis
1213 1303 1414 1360 divinae
1456 1303 1826 1374 interpretatio

501 1391 582 1442 est
607 1386 740 1442 adeo
764 1385 1041 1440 luculenta
1059 1424 1073 1447 ,
1090 1390 1148 1440 ut
1163 1381 1427 1452 singulari
1451 1384 1689 1453 quadam
1705 1397 1831 1452 pru-

503 1464 688 1520 dentia
707 1505 720 1528 ,
745 1469 799 1519 et
828 1461 1088 1518 beneficio
1116 1461 1212 1517 Dei
1244 1460 1313 1516 ad
1351 1459 1727 1533 explicandam
1756 1461 1829 1515 le-

500 1558 620 1612 gem
647 1541 775 1606 Dei,
792 1542 860 1597 ad
886 1541 1227 1597 statuendam
1251 1553 1468 1594 omnem
1495 1537 1825 1609 aequitatem,

501 1625 552 1675 et
560 1619 828 1690 justitiam
852 1619 969 1690 ejus
992 1617 1124 1690 legis
1149 1616 1376 1673 excitata
1406 1616 1669 1672 videatur.

577 1698 729 1754 vm.
753 1697 1028 1752 Postremo
1067 1695 1208 1752 nulli
1250 1693 1359 1751 fere
1397 1700 1553 1758 sunt,
1577 1694 1676 1768 qui
1710 1708 1823 1750 non

553 1895 630 1955 (6)
664 1847 768 1944 Hic
799 1910 925 1944 vero
958 1891 1218 1944 latissima
1252 1891 1425 1943 divini
1448 1929 1468 1954 ,
1505 1899 1560 1944 et
1595 1892 1813 1945 humani
1892 1891 2129 1944 heudone
2162 1909 2282 1953 eos,
2314 1893 2403 1960 qui

495 1959 629 2038 juri-s
663 1958 907 2036 (luminu,
942 1957 1120 2007 uberes
1160 1957 1338 2010 civilis
1363 1957 1737 2024 philosophiae,
1760 1967 1815 2008 et

494 2030 833 2092 antiquitatis
858 2021 1044 2077 rivuli.
1068 2022 1256 2074 Cabot.
1295 2037 1344 2072 π.
1385 2025 1538 2094 Disp.
1568 2038 1613 2073 1.
1637 2040 1816 2090 repre-

1632 2165 1838 2226 CAP.

1317 181 1637 242 mmoms
1676 181 1991 240 DONELLI
2033 180 2241 240 ΟΟΜΜ
2248 180 2403 240 ENT.

3078 187 3172 250 1⁸8

1910 292 2135 356 utantur
2170 284 2360 357 patriis
2392 283 2633 357 legibus,
2671 287 2865 360 quibus
2907 279 2959 348 se
3000 296 3171 364 teneri,

1910 370 2202 435 agnoscunt
2226 381 2428 422 omnes.
2454 367 2557 422 Sed
2584 367 2748 423 nulla»,
2786 367 2917 436 leges
2946 369 3014 426 ita
3035 373 3170 430 scribi

1908 447 2128 514 possunt
2144 485 2158 508 ,
2182 441 2319 514 quin
2346 443 2536 500 multis
2560 449 2612 499 et
2636 443 2697 499 in
2723 445 2951 516 partibus
2980 449 3174 521 explica-

1906 521 2069 585 tione,
2086 527 2137 576 et
2166 520 2222 574 in
2246 520 2447 578 caussis
2471 521 2742 593 &equitatis
2766 525 3173 590 moderationem:

1904 600 2087 668 regula
2114 597 2410 668 indigeant.
2437 600 2565 655 Haec
2590 602 2773 670 regula
2789 642 2802 666 ,
2826 609 2878 656 et
2910 604 3035 659 ratio
3054 605 3176 660 unde

1904 676 2101 732 melius
2126 682 2362 748 petatur,
2386 693 2552 748 quam
2580 693 2644 732 ex
2671 678 2767 734 hoc
2790 681 2941 751 jure?
2962 683 3089 753 quod
3112 683 3173 754 (6)

1905 761 1957 809 et
1982 754 2170 818 fontes,
2187 759 2239 810 et
2262 769 2473 811 caussas
2496 755 2658 826 aequi,
2684 761 2735 811 et
2760 757 2883 812 boni
2910 756 2963 813 in
2986 753 3178 830 singulis

1904 833 2149 904 partibus
2198 832 2397 904 aperit:
2436 838 2488 888 et
2528 832 2588 888 in
2636 835 2911 892 sententiis
2944 837 3177 900 obscuris.

1906 912 2051 967 unde
2066 910 2349 982 explicatio
2364 913 2627 976 eruenda3
2644 911 2704 968 in
2730 914 2884 971 certis
2906 915 3029 986 quid
3042 913 3180 984 aequi-

1902 994 2009 1044 tate
2038 991 2465 1060 temperandum,
2494 989 2631 1061 quid
2654 1007 2931 1064 quousque
2965 992 3183 1064 aequitate

1901 1067 2307 1140 producendum
2328 1067 2417 1133 sit,
2432 1069 2599 1124 docet.
2614 1069 2693 1124 De
2714 1085 2823 1140 quo
2849 1087 3027 1140 genere
3050 1075 3181 1126 antea

1903 1145 2170 1202 diximus:
2194 1146 2271 1203 sic
2295 1151 2477 1202 tamen
2494 1187 2508 1207 .
2536 1153 2599 1202 ut
2622 1148 2796 1204 multo
2828 1151 3004 1222 plura,
3025 1155 3072 1204 et
3090 1165 3186 1204 cer-

1902 1222 2039 1280 tiora
2076 1239 2132 1279 se
2172 1226 2302 1281 dent
2341 1225 2400 1281 in
2440 1223 2670 1296 singulis
2702 1229 3102 1298 partibus,cum
3125 1227 3183 1282 ad

1902 1319 1991 1360 eas
2016 1307 2238 1359 ventum
2264 1302 2442 1360 fuerit.
2464 1302 2828 1370 Quamobrem
2844 1311 2979 1368 sunt,
2992 1313 3048 1360 ut
3069 1303 3183 1368 dixi,

1906 1379 1963 1436 in
1990 1381 2090 1436 hoc
2127 1380 2250 1451 jure
2290 1382 2484 1444 varim,
2524 1385 2575 1437 et
2613 1397 2800 1451 graves
2836 1399 3051 1448 caussae,
3076 1397 3184 1446 cur,

1902 1459 1948 1514 si
1980 1475 2089 1514 non
2128 1475 2467 1530 cogeremur,
2506 1463 2687 1516 tamen
2727 1467 2907 1518 nostre
2945 1467 3113 1532 sponte
3137 1458 3186 1514 id

1901 1551 2051 1594 nosse
2067 1578 2083 1603 ,
2106 1541 2159 1592 et
2182 1539 2334 1610 sequi
2362 1538 2693 1596 deberemus.
2718 1539 2803 1596 Sit
2826 1555 2949 1610 ergo
2972 1539 3075 1595 hzec
3094 1537 3186 1598 vis.

1902 1620 1955 1670 et
1978 1620 2204 1690 potestas
2225 1616 2365 1690 juris
2389 1615 2665 1674 constituti
2684 1637 2698 1672 ι
2714 1623 2776 1674 ut
2794 1661 2807 1683 ,
2822 1618 3018 1689 quibus
3042 1617 3091 1671 id
3112 1631 3189 1686 po-

1897 1693 2065 1750 situm
2092 1699 2169 1750 est
2187 1736 2202 1760 ,
2226 1695 2356 1752 huic
2378 1695 2502 1752 illos
2536 1695 2904 1768 obtemperare
2926 1699 3155 1768 oporteat.

1925 1957 1935 1967 .
2264 1957 2277 1969 ,
2432 1893 2587 2008 {uris
2636 1893 2982 1971 provincialis
3014 1891 3189 1960 exposi-

1895 1966 2095 2008 tionem
2130 1974 2193 2008 ex
2226 1959 2308 2010 his
2344 1962 2447 2024 legi
2486 1976 2544 2010 us
2584 1959 2933 2020 hauriendam
2948 1997 2968 2021 ,
3000 1965 3185 2026 negant.

1902 2167 2082 2226 xvn.

505 2323 706 2384 Omnes
743 2327 954 2399 legibus
989 2341 1174 2400 parere
1214 2323 1436 2390 debere,
1475 2323 1636 2380 etiam
1676 2324 1993 2398 principem.
2039 2324 2172 2393 Quis
2230 2323 2477 2382 videatur
2512 2327 2617 2400 legi
2656 2345 2771 2386 non
2812 2345 3025 2402 parere,
3058 2331 3112 2384 ut
3144 2326 3193 2398 iu

654 2407 828 2476 legem
869 2406 1091 2463 incidat.
1130 2406 1402 2462 Adversus
1441 2419 1564 2459 eum
1585 2444 1600 2468 ,
1637 2402 1734 2476 qui
1775 2420 1884 2460 non
1923 2409 2135 2476 pareat,
2173 2419 2293 2476 quae
2333 2421 2502 2477 poenae
2522 2448 2535 2472 ,
2576 2413 2627 2462 et
2665 2425 2839 2481 quam
2890 2409 3064 2464 variae.

495 2559 582 2619 An
610 2561 864 2632 Pn‘nccps
889 2563 1088 2619 solutus
1113 2563 1181 2618 sit
1204 2560 1422 2631 legibus.
1445 2558 1489 2616 1.

496 2640 698 2696 Rerum
723 2642 1122 2697 tractandarum
1147 2642 1275 2697 ordo
1297 2640 1580 2695 indicatur.
1593 2636 1666 2694 11.

497 2720 644 2787 Quid
666 2723 736 2774 sit
759 2728 946 2777 contra
963 2722 1132 2791 legem
1150 2720 1310 2791 ,quid
1323 2717 1384 2774 in
1409 2716 1653 2772 fraudem
1682 2715 1815 2787 legis

577 2796 766 2852 facere.
789 2798 889 2854 111.

494 2874 666 2931 Poena
704 2879 984 2946 irroyatur
1018 2892 1137 2931 cum
1174 2877 1245 2931 iis
1261 2917 1274 2941 ‚
1310 2878 1404 2947 qm·
1436 2873 1786 2943 delinquendo
1802 2913 1817 2937 ,

573 2960 688 3009 tum
715 2956 782 3010 iis
797 2996 811 3018 ,
825 2957 920 3026 qui
933 2956 1200 3026 aequuum
1225 2954 1428 3025 offendo
1449 2961 1632 3006 contra
1646 2950 1815 3021 Iegem
1848 2970 1853 2975 ·

565 3034 789 3107 faciunt.
816 3034 912 3089 IV.

495 3108 816 3166 Delector-um
841 3112 998 3166 nulla
1020 3126 1178 3179 poena
1200 3110 1518 3166 commum’s:
1543 3108 1640 3165 sed*
1657 3110 1815 3164 van‘a

561 3204 668 3258 pro
689 3192 958 3259 gravitate
984 3190 1180 3245 delicti.
1214 3187 1274 3248 V.

491 3264 561 3323 In
587 3272 811 3337 neqotiis
834 3270 1054 3339 aqendis
1087 3269 1423 3323 comminetur
1445 3270 1628 3322 contra
1649 3264 1819 3336 legem

575 3347 840 3419 faciendo,
866 3348 952 3404 vel
977 3348 1271 3403 omittenda
1295 3344 1392 3401 VI.

568 3501 612 3557 1.
649 3500 757 3559 Sed
799 3518 868 3558 an
909 3518 1094 3561 omnes
1113 3501 1226 3577 juri
1267 3520 1451 3575 parere
1481 3502 1721 3561 debent?
1743 3500 1814 3561 0-

489 3594 642 3636 mnes
667 3620 680 3643 ,
705 3580 1152 3663 quandoquidem
1177 3598 1466 3640 commune
1490 3587 1812 3657 praeceptum

489 3663 568 3714 est
584 3700 598 3723 ,
625 3660 771 3730 quod
798 3659 1055 3716 omnibus
1095 3658 1331 3731 ponitur.
1353 3664 1476 3718 dict.
1505 3662 1568 3717 L.
1593 3662 1646 3717 2.
1674 3662 1733 3717 L.
1764 3660 1813 3717 1.

487 3734 554 3792 D.
581 3737 643 3793 dc
669 3737 824 3807 leyib.
851 3737 1102 3794 Etiamne
1127 3738 1422 3811 Princeps?
1438 3738 1509 3813 (1)
1535 3738 1604 3794 Et
1629 3746 1815 3795 tenen-

487 3819 579 3869 tur
602 3816 766 3871 etiam
793 3814 1069 3887 Principes
1092 3816 1318 3888 legibus.
1345 3816 1559 3873 Dicitur
1583 3816 1809 3888 quidem

487 3892 740 3965 Princeps
764 3896 970 3951 solutus
997 3894 1230 3965 legibus,
1260 3896 1319 3951 L.
1346 3896 1627 3965 Princeps,
1653 3894 1718 3953 D.
1745 3898 1809 3953 ds

485 3970 643 4041 leyib.
667 3970 799 4044 quia
825 3973 1060 4045 legibus,
1076 3979 1129 4031 et
1157 3974 1488 4030 solemnibus
1506 3974 1644 4045 juris
1668 3975 1811 4032 solu-

485 4054 572 4108 tus
597 4056 674 4109 est
700 4069 733 4108 a
755 4054 954 4125 populo
981 4052 1226 4109 Romano
1251 4052 1365 4123 lege
1391 4052 1537 4124 regia
1554 4094 1568 4117 ,
1591 4068 1714 4125 quoe
1740 4052 1809 4109 de

545 4244 623 4303 (1)
656 4236 740 4289 Ita
775 4236 1010 4292 Duaren.
1048 4242 1117 4293 de
1153 4244 1258 4295 LL.
1295 4244 1356 4293 C.
1389 4240 1438 4290 5.
1474 4236 1576 4289 Sed
1611 4238 1675 4290 de
1710 4239 1805 4291 bac

485 4305 782 4369 quaestione
815 4306 878 4353 de
915 4308 1158 4373 principe
1191 4307 1388 4373 legibus
1410 4304 1693 4367 adstricto,
1716 4306 1803 4356 vel

481 4368 654 4419 soluto
673 4408 691 4431 ,
725 4368 846 4436 quia
873 4373 1219 4437 agitatissima
1236 4411 1254 4434 ,
1279 4379 1330 4421 et
1354 4370 1807 4437 frequentissima,

483 4440 700 4496 praestnt
747 4435 884 4485 nihil
906 4474 924 4496 ,
955 4454 1110 4503 quam
1161 4454 1318 4503 pauca
1371 4436 1614 4504 proferre
1635 4476 1650 4498 ,
1683 4436 1806 4501 quia

481 4498 648 4547 multa
685 4499 991 4551 institutum
1028 4519 1256 4569 praesens
1291 4519 1398 4552 non
1445 4502 1668 4569 patitur.
1706 4500 1806 4551 vi-

479 4560 593 4610 deri
621 4574 836 4632 possunt
869 4568 1015 4617 varie
1049 4570 1371 4629 sentienteS,
1398 4576 1450 4619 et
1477 4567 1620 4617 inter
1645 4583 1699 4615 se
1724 4566 1807 4617 di-

481 4628 772 4691 gladiantes
819 4628 1006 4682 Bodin.
1049 4650 1094 4683 ι.
1129 4636 1195 4685 de
1233 4638 1358 4703 liep.
1394 4634 1444 4684 8.
1483 4630 1631 4682 Petr.
1667 4630 1804 4683 Gre-

515 4708 595 4740 or.
625 4708 672 4759 7·
709 4695 775 4745 de
812 4700 1008 4764 Hepub.
1035 4714 1115 4747 20.
1153 4698 1291 4749 Dan.
1319 4698 1369 4750 6.
1402 4702 1569 4751 Potit-
1597 4698 1646 4748 3.
1672 4720 1804 4769 pag.

477 4708 595 4820 205-
633 4772 680 4809 et
717 4780 858 4829 seqq.
907 4760 1107 4814 Mutet.
1159 4764 1236 4814 18.
1289 4767 1522 4819 Vara'ar.
1559 4764 1690 4823 lect.
1730 4780 1807 4815 ιι.

1900 2559 2029 2631 Qua
2052 2560 2111 2614 in
2148 2562 2369 2630 noqotiis
2393 2563 2641 2631 yerendis
2678 2563 2825 2635 fiunt
2848 2575 3028 2621 contra
3049 2561 3197 2631 loyes.
3300 2586 3306 2602 ⁴

1972 2638 2163 2712 infecta
2189 2626 2462 2695 habentur.
2484 2642 2610 2698 Vll.

1898 2716 2029 2787 Quoe
2055 2723 2238 2773 contra
2288 2718 2426 2789 loyes
2464 2718 2601 2791 fiunt
2617 2760 2631 2783 ,
2670 2722 2758 2777 vel
2798 2724 2919 2793 ipso
2950 2720 3071 2790 juro
3106 2734 3197 2773 non

1968 2796 2178 2929 zelent.-
2214 2797 2301 2852 vel
2318 2812 2425 2867 per
2462 2803 2819 2870 exceptionem
2858 2799 3199 2869 infirmantur-
3300 2832 3306 2853 1

1892 2952 2027 3009 Iure
2054 2952 2295 3007 Romano
2314 2968 2381 3008 ca
2396 2994 2411 3018 ,
2433 2968 2549 3025 qvoe
2570 2962 2758 3010 contra
2784 2954 2931 3026 ἱερου
2952 2953 3108 3023 flunt,
3118 2958 3201 3027 ju-
3300 2982 3306 3017 ι

1968 3030 2266 3099 rejurando
2289 3048 2397 3087 non
2423 3033 2829 3103 confirmantur.
2857 3034 2956 3089 IX.
3302 3070 3306 3093 -.

1894 3108 2089 3165 Omissa·
2110 3112 2167 3165 t'n
2191 3112 2415 3180 negotiis
2454 3112 2675 3182 agendis
2702 3113 2812 3169 hoec
2824 3128 3023 3185 paena,
3046 3117 3101 3167 ut
3122 3111 3205 3166 M-

1972 3186 2155 3243 beatm·
2174 3202 2277 3257 pro
2300 3192 2502 3245 ontisso.
2528 3188 2599 3245 X.
3302 3218 3306 3239 =

1902 3266 2185 3323 Tmmitio.
2212 3265 2308 3322 xl.

1888 3502 2006 3574 ejus
2032 3502 2260 3575 imperio
2284 3506 2396 3561 lata
2420 3508 2516 3561 est.
2545 3504 2605 3560 L.
2626 3504 2756 3560 m).
2782 3506 2849 3563 dc
2875 3516 3035 3567 const.
3050 3509 3205 3578 princ·
3302 3534 3306 3569 3

1890 3582 1954 3637 L.
1980 3582 2032 3638 3.
2060 3582 2117 3639 C.
2139 3582 2202 3640 de
2241 3592 2440 3641 testam.
2466 3585 2541 3638 At
2578 3589 2796 3640 tenetur
2836 3587 3050 3658 legibus
3081 3600 3207 3639 com-

1888 3660 2043 3715 muni
2072 3660 2379 3735 principum
2406 3664 2539 3734 lege,
2556 3669 2607 3717 et
2632 3678 2748 3717 sua.
2768 3664 3062 3721 Declarant
3075 3662 3207 3719 enim
3304 3694 3306 3697 <

1890 3738 1949 3793 hi
1968 3781 1983 3803 ,
2006 3756 2062 3795 se
2088 3741 2225 3797 velle
2250 3741 2462 3812 legibus
2486 3740 2667 3797 vivere
2682 3784 2697 3806 ‚
2724 3746 3055 3807 statuentes,
3079 3739 3209 3797 nihil

1886 3818 2060 3887 magis
2096 3820 2386 3876 convenire
2426 3820 2671 3891 imperio·
2709 3822 2766 3877 d.
2796 3822 2859 3877 L.
2892 3822 2946 3880 3.
2974 3824 3030 3879 C.
3052 3823 3112 3877 do
3146 3824 3211 3874 te·

1885 3903 2037 3951 nam.
2080 3898 2136 3971 S.
2173 3900 2271 3954 ult.
2310 3898 2482 3954 Instit.
2518 3900 2661 3970 quib.
2700 3902 2849 3956 mod.
2876 3908 2989 3959 test.
3027 3898 3214 3969 infimi.

1884 3974 2153 4049 Extatque
2194 3976 2352 4049 hujus
2390 3976 2667 4034 sentcntiae
2705 3978 3062 4035 confirmatio
3096 3990 3211 4032 cum

1886 4052 2091 4129 insigni
2130 4056 2598 4113 commendatione
2636 4056 2939 4127 conjuncta
2976 4058 3035 4116 in
3062 4056 3120 4115 L.
3142 4056 3215 4113 ai·

1884 4238 2058 4291 Conn.
2102 4258 2146 4291 1.
2184 4246 2331 4297 Com.
2374 4243 2454 4293 16.
2480 4240 2663 4294 Coras.
2690 4260 2708 4295 ι
2726 4280 2741 4293 .
2772 4246 2941 4298 Misc.
2966 4246 3048 4297 25.
3074 4256 3123 4297 et
3146 4238 3213 4294 ad

1886 4310 1947 4359 L·
1982 4308 2068 4359 31·
2101 4306 2169 4359 de
2195 4312 2303 4360 LL.
2330 4306 2461 4359 Baro
2498 4310 2631 4362 med.
2668 4308 2858 4377 Cujac.
2892 4312 2970 4362 15.
2998 4314 3115 4364 Obs.
3138 4310 3215 4359 30-

1886 4386 1937 4423 et
1972 4374 2053 4423 26.
2092 4374 2215 4425 Obs.
2252 4374 2335 4425 35.
2370 4373 2527 4425 Vult.
2566 4375 2641 4427 acl
2682 4373 2737 4444 §-
2794 4392 2848 4445 7.
2891 4382 3031 4429 Inst-
3070 4373 3138 4426 He
3173 4374 3217 4425 1·

1885 4442 1955 4491 Ν.
1994 4460 2046 4489 n.
2074 4440 2124 4489 5.
2159 4452 2211 4491 et
2252 4456 2299 4490 ι.
2334 4444 2582 4508 Jurispr.
2617 4456 2691 4491 ια.
2732 4462 2791 4492 η.
2828 4442 2919 4493 31.
2954 4438 3122 4493 Goth.
3144 4436 3213 4490 ad

1887 4507 2017 4555 Νον.
2063 4504 2166 4554 105.
2204 4502 2425 4558 Fachin.
2458 4504 2633 4557 varios
2661 4506 2900 4556 recitans
2943 4524 2990 4556 ι.
3027 4512 3217 4559 (Jontr.

1886 4583 1936 4616 2·
1962 4568 2125 4637 Vasq-
2170 4586 2214 4619 1·
2239 4574 2469 4623 Illustr.
2494 4578 2681 4624 Contr.
2707 4572 2795 4621 26.
2828 4592 2886 4621 n.
2923 4573 2981 4621 13
3010 4568 3215 4620 Treutl.

1886 4638 1992 4684 νοί.
2036 4651 2083 4684 ι.
2119 4640 2338 4689 De'smt.
2380 4651 2424 4685 ι.
2462 4638 2539 4689 th.
2583 4639 2636 4688 6.
2684 4633 3015 4688 Matthaeac.
3070 4654 3113 4687 ι.
3159 4634 3223 4686 de

1892 4704 1997 4819 ιῗιίὶι
2042 4701 2165 4769 jur·
2215 4657 2296 4766 ἐξ.
2342 4701 2415 4753 A.
2452 4700 2577 4752 Feb.
2616 4704 2661 4755 1.
2693 4702 2920 4770 Jurisp.
2966 4720 3010 4753 ι.
3047 4706 3144 4756 Pr.
3174 4700 3223 4751 8·

1975 4800 1988 4813 .
2026 4780 2077 4814 2.
2116 4780 2215 4821 ecc.
