3327 5214
31 1139 33 1162 ‘⁷
29 799 64 1110 *—““”³T

509 210 616 268 371
1270 221 1280 229 ·
1320 192 1640 264 trunonis
1680 202 2012 262 nonum<
2030 200 2401 261 cottum.
3039 196 3131 262 m

508 316 585 369 tio
609 310 857 385 pertinet.
901 310 1060 382 Apud
1088 310 1235 365 hune
1275 310 1527 375 declarat,
1558 321 1616 366 se
1647 323 1717 365 ex
1744 326 1827 363 rc-

504 391 704 461 scripto
728 390 908 445 titium
951 388 1305 459 emancipare,
1345 398 1627 459 cut-atque,
1672 397 1732 443 ut
1770 396 1823 443 et

508 468 846 539 rescriptum.
879 474 930 523 et
955 484 1050 523 sua
1089 466 1300 523 testatio
1347 464 1709 527 insinuentur,
1732 482 1823 520 seu

507 546 836 603 mandentur
859 545 986 601 actis
1015 544 1365 615 magistratus.
1393 545 1450 599 Si
1479 548 1654 616 postea
1682 543 1831 604 filius

508 626 590 679 vel
636 625 778 695 apud
803 624 1036 679 eundem
1065 624 1456 693 magistratum,
1483 623 1566 677 vei
1597 622 1739 693 apud
1772 638 1828 678 a·-

478 702 649 768 ,lium
675 702 978 773 quemlibet
1015 700 1117 755 sub
1158 708 1424 771 gestorum
1459 698 1829 757 testificatione

505 779 786 851 significet,
814 795 870 835 se
909 779 1193 835 admittere
1231 778 1711 849 emancipationem
1740 778 1831 849 p‘a-

507 856 620 921 tris,
659 856 728 929 de
768 874 876 929 qua
929 855 1205 927 cognovit:
1243 856 1436 911 exinde
1471 855 1829 927 emancipatio

509 944 624 997 rata
651 944 744 1001 est,
769 943 822 990 et
863 934 1011 991 filius
1049 932 1131 990 sui
1169 933 1306 1005 juris
1345 934 1586 989 efficitur.
1625 929 1822 989 Utrum

449 1046 456 1053 ·
507 1021 690 1070 autem
718 1012 774 1071 id
803 1012 1070 1085 significet
1107 1020 1300 1081 postea,
1326 1028 1394 1067 an
1423 1019 1546 1067 ante
1575 998 1827 1083 impetra-

411 1150 418 1159 ,
505 1102 626 1147 tum
654 1108 686 1149 a
711 1100 866 1163 patre
893 1091 1222 1161 rescriptum,
1247 1090 1431 1147 eodem
1449 1091 1563 1145 loco
1575 1088 1825 1148 habetur.

505 1170 614 1225 Sed
630 1180 682 1225 et
708 1169 797 1227 hic
823 1182 1108 1225 consensus
1127 1166 1231 1223 mii
1258 1168 1426 1225 abhis
1448 1167 1699 1239 exigitur,
1726 1162 1824 1239 qui

503 1247 797 1305 infantiam
853 1254 1206 1303 excesserunt.
1259 1246 1324 1302 In
1373 1245 1679 1303 infantibus
1714 1262 1827 1303 non

504 1334 581 1381 est
621 1325 978 1388 necessarius,
1017 1324 1110 1380 sed
1163 1323 1222 1379 bi
1261 1324 1447 1379 statim
1501 1330 1619 1395 post
1670 1340 1827 1395 supe-

501 1402 702 1470 riorem
759 1402 1096 1459 testationem
1155 1402 1322 1472 patris
1383 1407 1636 1473 potestate
1692 1402 1825 1458 libe-

503 1488 714 1537 ra'ntur.
755 1482 886 1537 Haec
938 1481 1110 1535 forma
1152 1480 1439 1537 constituta
1477 1486 1554 1536 oet
1591 1480 1711 1551 lege
1753 1481 1827 1536 A·

503 1559 741 1617 nastasii.
769 1560 830 1615 L.
850 1556 1114 1629 jubemus,
1141 1558 1198 1613 C.
1221 1558 1284 1613 de
1323 1562 1575 1627 emancip.
1591 1559 1801 1615 liberor.

581 1630 760 1701 XXV.
787 1635 1108 1693 Auctoritas.
1121 1636 1463 1706 magistratus
1474 1636 1686 1698 suffieit,
1700 1651 1825 1691 cum

503 1730 732 1785 praescns
758 1720 861 1780 cst,
886 1730 1051 1786 quem
1077 1719 1230 1783 pater
1255 1713 1592 1784 emancipare
1605 1714 1822 1784 cogitat.

504 1793 584 1847 Ae
613 1802 730 1848 tum
755 1794 831 1847 sic
861 1792 1137 1863 perficitur
1181 1790 1564 1863 emancipatio,
1605 1806 1730 1848 cum
1772 1800 1825 1848 et

500 1871 602 1945 qui
629 1870 958 1943 emancipat,
982 1877 1035 1924 et
1057 1869 1155 1939 qui
1170 1870 1565 1942 emancipatur,
1591 1870 1753 1925 ambo
1768 1884 1824 1925 se

502 1948 697 2005 sistunt
722 1950 866 2020 apud
895 1946 1155 2003 idoneum
1189 1950 1563 2017 magistratum
1581 1987 1595 2011 ‚
1619 1954 1673 2003 et
1710 1948 1825 2003 iilic

501 2042 696 2099 parens
729 2028 796 2082 de
821 2026 1094 2082 voluntate
1109 2041 1202 2082 sua
1215 2025 1532 2081 testificatur
1543 2066 1557 2089 ,
1571 2040 1626 2085 se
1639 2024 1818 2081 filium

501 2122 532 2160 e
561 2112 816 2177 potestate
842 2120 938 2161 sua
969 2102 1255 2160 dimitteret
1279 2104 1428 2161 fliius
1454 2102 1695 2159 admittit
1729 2111 1822 2159 aut

501 2192 685 2259 aperte
714 2180 1125 2245 consentiendo,
1165 2188 1259 2237 ant
1296 2198 1407 2238 non
1448 2182 1821 2237 contradicen-

501 2260 590 2316 do.
605 2260 719 2315 Nec
729 2261 1036 2333 quidquam
1054 2268 1230 2331 aperte
1246 2260 1823 2331 desideratur-amptius

499 2335 882 2395 constitutione
925 2337 1255 2405 iustiniani,
1279 2354 1400 2408 quae
1442 2336 1570 2392 huic
1605 2338 1682 2394 rei
1722 2337 1824 2393 sor·-

497 2432 648 2472 mam
689 2416 858 2481 dedit,
893 2430 1030 2471 vana
1074 2415 1474 2479 observatione,
1515 2420 1568 2470 et
1607 2415 1825 2471 fictione

500 2492 700 2549 veteris
736 2492 1186 2565 emancipationis
1199 2493 1352 2549 abire
1374 2494 1532 2566 jussa.
1562 2493 1619 2547 L.
1643 2494 1816 2548 ultim.

500 2572 561 2628 C.
577 2573 644 2628 de
669 2574 988 2642 emancipat.
1012 2570 1226 2626 liberor.
1248 2572 1302 2627 d.
1317 2570 1376 2644 3.
1391 2570 1819 2642 praerumpat&

498 2649 636 2706 mod.
669 2653 768 2720 jus
785 2657 932 2720 patr.
946 2655 1059 2720 pot.
1083 2651 1210 2705 solu.

577 2727 786 2800 XXVI.
814 2727 938 2784 Non
965 2726 1221 2799 exprimit
1243 2727 1564 2791 constitutio,
1591 2735 1711 2784 acta
1740 2729 1821 2784 in·

497 2805 765 2864 tet-venire
805 2805 1014 2861 debere.
1057 2805 1163 2860 Sed
1203 2806 1493 2876 exiguntur
1531 2805 1642 2861 haee
1684 2808 1821 2876 ejus-

495 2887 623 2942 dem
651 2882 912 2956 principis
951 2883 1328 2940 constitutione
1357 2886 1413 2940 in
1433 2884 1820 2955 adoptionibus

493 2980 594 3036 pro
620 2971 792 3018 vetere
819 2962 992 3018 forma
1021 2961 1503 3031 mancipationum,
1543 2968 1594 3017 et
1625 2977 1819 3018 manu-

496 3040 818 3098 missionum
849 3041 920 3095 ab
945 3038 1060 3112 ipso
1098 3037 1306 3094 sublata
1325 3082 1348 3120 ι
1366 3041 1570 3100 eadem.
1595 3055 1718 3111 qnae
1761 3041 1816 3095 in

495 3118 928 3189 emancipatione
955 3115 1362 3174 interveniebat.
1390 3120 1450 3175 L.
1488 3119 1660 3177 ultim.
1690 3119 1823 3174 Cale

496 3199 762 3268 adoption.
805 3197 1110 3268 Exigantur
1152 3193 1318 3265 igitur
1356 3205 1405 3253 et
1443 3195 1556 3256 haec
1611 3198 1669 3252 in
1712 3195 1821 3266 ipsa

496 3269 958 3344 emancipatione,
983 3274 1040 3330 in
1081 3287 1190 3344 qua
1241 3271 1353 3346 ipse
1391 3273 1620 3330 eandem
1668 3273 1823 3329 illam

496 3353 733 3408 formam
774 3352 1018 3415 sustulit.
1044 3360 1098 3409 et
1123 3368 1222 3423 pro
1262 3369 1322 3417 ea
1349 3351 1709 3424 magistratus,
1732 3367 1827 3411 seu

495 3429 700 3500 judicis
737 3431 1089 3502 competentis
1111 3428 1488 3488 auctoritatem
1527 3428 1821 3486 substituit.

496 3509 576 3564 Ac
617 3507 776 3578 plane
804 3507 861 3563 in
886 3507 1210 3565 iiberatione
1251 3509 1522 3582 potestatis
1560 3508 1820 3565 similitu-

496 3585 566 3642 do
587 3601 682 3657 per
695 3585 880 3640 omnia
897 3585 1162 3642 convenit.
1177 3587 1318 3642 Nam
1344 3599 1396 3643 et
1409 3587 1624 3658 adoptio
1636 3601 1818 3642 eman·

494 3663 692 3734 cipatio
719 3665 968 3733 quaedam
1010 3672 1106 3730 est,
1131 3667 1255 3721 eum
1283 3671 1430 3736 pater
1467 3661 1650 3720 filium
1678 3661 1732 3722 in
1762 3679 1817 3717 a-

495 3742 803 3812 doptionem
843 3741 1039 3804 dando,
1069 3759 1194 3797 eum
1235 3759 1266 3797 a
1307 3751 1559 3814 potestate
1597 3757 1693 3799 sua
1736 3741 1818 3798 di-

493 3819 679 3883 mittit,
705 3826 768 3874 ut
795 3819 960 3890 paulo
1001 3826 1118 3893 post
1155 3817 1378 3876 dicetur.
1405 3823 1463 3894 S.
1499 3837 1615 3890 ραι.
1641 3821 1812 3876 Instit.

491 3899 637 3966 quib.
663 3898 799 3952 mod.
830 3900 928 3967 jus
965 3904 1119 3968 patr.
1165 3891 1272 3968 pot}
1297 3899 1424 3954 sole.
1449 3897 1692 3970 Utraque
1728 3898 1814 3969 ju-

493 3973 827 4030 risdictionis
863 3983 944 4030 est
970 3977 1304 4040 minutatim,
1328 3984 1380 4032 et
1415 3977 1560 4048 apud
1602 3977 1815 4034 eosdem

493 4054 835 4123 magistratus
872 4054 1074 4123 pariter
1113 4038 1448 4125 transigitur.
1475 4053 1534 4110 L.
1560 4055 1616 4110 2.
1655 4048 1737 4111 L.‘
1758 4054 1809 4108 3.

491 4127 555 4185 D.
594 4133 658 4187 de
699 4131 1089 4204 Offi'Procom.
1125 4132 1304 4199 Quare
1343 4149 1442 4187 cur
1480 4133 1536 4188 in
1576 4133 1813 4205 adoptio-

491 4223 560 4264 ne
599 4209 887 4278 exigantur
926 4218 1045 4265 acta
1101 4211 1306 4282 potius,
1330 4225 1498 4283 quam
1526 4211 1584 4267 in
1625 4227 1809 4268 eman-⁵

489 4285 777 4356 cipatione‚
801 4288 953 4342 nulia
997 4289 1134 4344 ratio
1173 4290 1324 4345 reddi
1353 4295 1539 4362 potest.
1578 4290 1699 4357 Quo
1736 4290 1813 4346 ei*-

491 4365 674 4422 fieitur
691 4405 706 4426 ‚
744 4365 908 4420 etiam
937 4367 992 4424 iu
1019 4367 1446 4442 emancipatione
1473 4369 1614 4424 idem
1643 4367 1807 4440 statui

553 4513 629 4581 (8)
667 4519 728 4566 L.
767 4533 816 4582 7.
851 4533 904 4570 et
937 4538 1081 4590 seqq.
1115 4519 1183 4572 de
1219 4541 1363 4575 naun.
1402 4521 1556 4574 vind.
1579 4515 1807 4572 P.‘Fab.

494 4593 546 4628 α.
583 4589 803 4632 &emesa
843 4583 925 4646 24.
959 4605 1014 4650 ρ.
1050 4585 1167 4634 363.
1199 4583 1308 4634 Sed
1341 4583 1558 4648 Hotom.
1595 4589 1699 4638 ΙΙΙ.
1732 4583 1805 4656 Q.

493 4641 896 4716 3413respondet
949 4649 1025 4698 ad
1062 4653 1123 4698 Ι..
1157 4650 1246 4698 36.
1291 4664 1601 4716 quoeunque
1643 4652 1760 4703 loco
1784 4690 1804 4714 ‚

492 4709 700 4757 scilicet
737 4725 864 4772 quo,
897 4713 1042 4762 salvo
1076 4729 1220 4764 mot-e
1255 4716 1544 4780 majorum,
1582 4717 1660 4780 jus
1694 4717 1799 4766 dici

492 4780 685 4838 Potesl-
721 4775 854 4839 Arg.
885 4779 945 4828 L.
969 4795 1088 4846 pcn.
1124 4777 1191 4830 de
1227 4781 1273 4830 J.
1310 4791 1357 4829 et
1399 4784 1444 4832 Ι.
1485 4777 1621 4850 Quin
1661 4782 1801 4832 enim

1902 310 2113 372 dobere.
2150 310 2249 365 etsi
2276 297 2607 367 maxime-'sm
2642 309 2693 364 a.
2732 308 2789 364 Ι.
2824 307 2971 364 uicta.
3002 306 3048 364 e
3074 314 3126 371 a,

1900 404 2095 451 mune.
2137 389 2286 444 liher.
2326 388 2395 443 de
2418 386 2547 445 actis
2584 385 2829 443 emissum
2874 394 2997 447 esset.
3030 386 3078 443 Ι.
3104 406 3141 444 o

1910 466 2065 527 Titio.
2105 464 2167 520 D.
2190 470 2253 523 de
2278 468 2418 521 verb.
2440 466 2603 535 obliy.
2642 466 2701 521 L.
2730 464 2871 523 ulva.
2898 462 2953 519 1).
2972 465 3033 520 ad
3054 466 3143 537 lq.

1904 542 2107 615 Aquis.
2146 546 2247 601 Sed
2284 560 2393 617 quo
2434 543 2611 613 magis
2640 542 2696 598 id
2736 540 2977 607 dieamus,
3008 544 3143 599 rci-

1906 621 2019 693 ipsa
2056 619 2315 678 eiiieiunt.
2360 624 2417 685 d.
2456 622 2515 677 L.
2551 622 2724 688 dein.
2752 621 2816 673 de
2848 624 3062 689 mm.
3092 622 3146 677 li-

1905 700 2011 754 ber.
2036 698 2157 755 Non
2186 700 2334 757 enim
2358 700 2512 773 jubet
2524 698 2875 762 lastinianus,
2906 703 2959 751 ut
2977 712 3147 769 parents,

1904 784 1957 833 et
1984 776 2130 833 (iiius
2166 786 2549 850 competentem
2586 776 2815 849 judicem
2854 776 3047 851 adeant:
3076 776 3147 831 sed

1908 864 1967 911 ut
1998 862 2203 911 intrent
2226 856 2573 927 competentis
2584 853 2782 926 judicis
2806 852 3153 909 tribuaai.Ver·

1906 935 2035 989 bum
2074 936 2357 991 tribunalis
2392 934 2671 991 sessionem
2700 926 3012 1001 magistratus
3042 930 3157 985 indi·

1902 1022 2005 1076 cat,
2042 1021 2093 1066 et
2118 1030 2197 1076 ea,
2229 1029 2353 1084 quat
2379 1012 2523 1084 apud
2562 1011 2921 1082 magistratum
2958 1024 3043 1080 pm
3080 1008 3157 1064 tri·

1904 1088 2095 1146 hunaii
2120 1092 2393 1147 sedentem
2418 1097 2669 1160 aguntur,
2690 1088 2757 1144 de
2780 1086 2967 1159 quibus
2986 1092 3035 1144 et
3054 1087 3159 1158 ipsis

1902 1178 2018 1224 arta
2056 1168 2245 1223 antici
2272 1168 2457 1225 solent.
2496 1166 2578 1223 lta
2604 1184 2669 1222 ex
2704 1166 2945 1229 moue,
2987 1174 3035 1222 et
3066 1164 3163 1221 tom

1904 1245 1979 1309 id,
2014 1246 2163 1317 quod
2202 1246 2317 1325 illie
2342 1246 2457 1302 fieri
2512 1245 2687 1309 debet,
2724 1244 2845 1301 satis
2866 1240 3165 1313 inteliigitur.

1902 1322 2055 1389 Quod
2094 1340 2221 1395 ergo
2244 1324 2447 1380 dicitur
2473 1324 2533 1379 in
2570 1322 2633 1379 L.
2668 1324 2996 1393 emancipari,
3028 1320 3165 1375 λᾶι

1902 1402 2165 1471 adoption.
2202 1400 2531 1474 emancipari
2586 1402 2766 1457 tilium
2802 1417 2831 1457 a
2882 1406 3018 1471 patre
3058 1412 3167 1468 quo-

1900 1495 2116 1551 eunque
2144 1482 2261 1536 lom
2288 1496 2445 1551 posse:
2474 1496 2582 1537 non
2608 1480 2851 1535 dubium
2864 1486 2956 1541 est.
2976 1476 3096 1548 quia
3118 1490 3169 1529 ee

1904 1563 2088 1613 auctor
2126 1559 2329 1615 Paulus
2369 1559 2423 1614 id
2464 1558 2703 1623 senserit,
2741 1556 2884 1627 q‘uod
2920 1555 2973 1610 in
3011 1568 3173 1609 manti-

1906 1636 2161 1693 missione
2199 1652 2470 1693 servorum
2498 1634 2620 1693 tieri.
2660 1652 2805 1707 pose
2840 1633 3078 1705 scriptum
3110 1638 3171 1685 est

1904 1712 1963 1769 in
2006 1715 2061 1783 ς.
2100 1717 2239 1771 servi
2260 1732 2403 1778 vero,
2442 1716 2611 1772 Instit.
2650 1716 2715 1769 de
2741 1714 2908 1769 libert.
2932 1714 3005 1787 (8)
3024 1710 3171 1768 filiuni

1902 1792 2163 1849 nimirum
2202 1793 2526 1865 emancipari
2578 1808 2729 1863 posse
2764 1790 2907 1862 apud
2932 1788 3177 1859 magistra-

1900 1879 2034 1932 tum,
2058 1885 2165 1927 non
2206 1878 2417 1927 tantum
2441 1887 2566 1925 eum·
2592 1872 2741 1926 sedet
2780 1886 2877 1941 pro
2916 1863 3175 1927 tribunali.-

1899 1948 1991 2004 sed
2030 1964 2352 2019 quocunque
2378 1952 2493 2003 ioco
2518 1950 2741 2020 publice
2778 1948 2861 2005 sui
2886 1947 3080 2017 copiam
3112 1943 3181 1997 w

1898 2024 2007 2081 ciat
2042 2025 2143 2081 iter
2170 2026 2392 2091 faciens,
2426 2036 2521 2083 aut
2546 2025 2753 2087 alicubi
2794 2024 3003 2097 publice
3035 2019 3179 2078 eonti-

1897 2113 2055 2159 stens.
2092 2104 2252 2159 Nunc
2274 2105 2349 2161 sic
2374 2104 2712 2177 accipiemus,
2740 2113 2802 2164 ut
2818 2103 2979 2176 possit
3002 2111 3183 2174 patere-

1897 2181 2204 2253 mancipare
2251 2184 2438 2255 quovis
2474 2184 2591 2239 ioco
2612 2222 2627 2245 ‚
2678 2184 2815 2239 dum
2866 2182 3003 2253 apud
3053 2185 3174 2239 acta,

1896 2270 2007 2329 quo
2046 2260 2399 2332 emancipatio
2453 2262 2511 2316 in
2566 2271 2684 2317 aeta
2736 2261 3020 2317 referatur.
3040 2256 3185 2316 ”Aah

1888 2338 1943 2393 ,si
1998 2338 2137 2393 hanc
2176 2339 2669 2411 interpretationem
2708 2338 2863 2395 locus
2909 2335 3059 2394 Pauli
3094 2346 3183 2389 nou

1902 2416 2169 2489 admittit;
2206 2414 2333 2473 non'
2357 2418 2735 2475 dubitabimus
2776 2419 2977 2481 dicere,
3020 2409 3189 2469 musti·

1896 2496 2103 2550 tutione
2154 2494 2483 2562 Justiniani‚
2528 2512 2653 2568 quat
2706 2512 2819 2551 una
2868 2500 2947 2553 est
2990 2508 3053 2549 ex
3096 2488 3191 2559 ejus

1897 2573 2277 2646 posterioribus
2316 2572 2718 2639 occisionibus,
2760 2575 2943 2630 locum
2968 2569 3113 2628 Pauli
3144 2581 3189 2620 0-

1898 2653 2162 2708 mendari.
2528 2676 2535 2687 ·

1972 2731 2207 2786 xxvn.
2243 2731 2308 2788 ln
2354 2737 2583 2802 utraque
2634 2731 2821 2790 forma
2866 2727 3123 2801 superiore
3152 2739 3195 2778 e-

1896 2808 2304 2880 mancipationis
2314 2809 2553 2880 judicem
2576 2817 2982 2883 competentem
3000 2803 3199 2876 extant

1894 2895 2005 2943 tam
2046 2885 2372 2951 Anastasius,
2396 2903 2563 2958 quam
2598 2889 2633 2944 J
2640 2889 2987 2952 unimanus.
3007 2895 3059 2942 et
3080 2897 3200 2940 com-

1896 2971 2161 3035 petentem
2189 2963 2474 3029 detiniunt,
2498 2966 2639 3035 apud
2658 2983 2837 3038 quem
2854 2983 2953 3038 pro
2973 2961 3199 3036 ipsiusiu-

1897 3043 2205 3098 risdictione
2220 3042 2574 3115 emancipatio
2602 3045 2797 3116 peragi
2816 3053 3003 3117 pom
3028 3043 3087 3098 L.
3100 3053 3205 3112 pn·

1898 3131 1949 3176 et
1970 3123 2067 3176 ult.
2094 3121 2150 3176 C.
2186 3123 2249 3176 dc
2288 3124 2599 3192 mancipat:
2640 3124 2801 3179 liber.
2840 3124 2897 3180 Is
2934 3129 3109 3180 autem
3140 3121 3205 3172 οἱ

1900 3198 2062 3262 idem,
2100 3199 2244 3269 apud
2270 3213 2431 3270 quem
2459 3199 2578 3255 fleri
2618 3209 2857 3270 possunt
2896 3197 3211 3271 adoptiones.

1902 3291 2095 3348 nempe
2132 3277 2195 3342 is,
2222 3277 2371 3352 apud*
2386 3291 2553 3346 quem
2581 3285 2801 3336 veteres
2840 3279 3097 3336 dixerunt
3118 3287 3210 3330 em

1904 3353 2035 3426 legis
2074 3354 2355 3412 actionem.
2383 3355 2443 3410 L.
2471 3356 2525 3411 2.
2566 3356 2629 3412 L.
2670 3359 2730 3413 5.
2766 3357 2847 3414 De
2882 3359 2979 3430 off·
2998 3367 3209 3426 pineum·

1897 3431 2025 3488 Dixi
2069 3431 2129 3488 in
2168 3432 2523 3510 enplicatione
2562 3435 2906 3506 adoptionis,
2946 3437 3033 3492 his
3056 3429 3213 3489 verbi!

1894 3509 2189 3582 significari
2232 3511 2525 3583 superiores
2562 3515 2927 3583 magistratus
2943 3555 2958 3577 ,
2999 3525 3060 3568 ut
3094 3507 3211 3566 elin

1898 3589 2083 3645 Romae
2098 3589 2220 3646 fuit'
2234 3578 2437 3652 consui.
2452 3598 2664 3660 praetem
2694 3591 2757 3648 in
2780 3589 3083 3664 provinciis
3102 3601 3215 3661 pm-

1892 3658 2045 3730 sides.
2068 3667 2199 3738 quia
2231 3667 2314 3722 his
2349 3667 2475 3724 solis
2511 3667 2635 3739 iure
2660 3672 2900 3741 pubiieo
2940 3667 3074 3740 legis
3096 3665 3216 3723 'actio

1892 3745 2016 3800 datu
2056 3755 2199 3801 esset.
2398 3773 2403 3782 ·

1966 3822 2384 3880 xxvlll.1nud
2411 3823 2608 3879 deinde
2618 3825 2945 3883 admissum
2970 3833 3064 3891 αἱ,
3087 3821 3219 3896 quod

1890 3897 1966 3952 Pa
1976 3900 2093 3955 ulus
2118 3893 2327 3974 scripsit
2355 3901 2514 3957 Libro
2538 3901 2593 3957 2.
2618 3911 2855 3962 mntem.
2870 3911 2936 3961 ut
2964 3903 3105 3977 apud
3122 3915 3220 3955 ma-

1890 3976 2137 4046 gistratus
2160 3979 2515 4050 municipales
2551 3983 2929 4055 emancipari,
2952 3991 3007 4040 et
3044 3995 3225 4039 manu-

1888 4055 2031 4112 mitti
2059 4063 2246 4128 posset‚
2259 4058 2303 4114 si
2320 4057 2580 4113 haberent
2605 4059 2762 4116 hane
2790 4062 2936 4133 legis
2952 4059 3224 4120 actionem.

1890 4133 1943 4188 id
1972 4141 2047 4188 est
2070 4135 2134 4198 si,
2150 4142 2209 4191 ut
2232 4137 2347 4194 haee
2370 4135 2515 4207 apud
2534 4132 2621 4192 ebs
2635 4138 2869 4204 fierent,
2886 4140 3005 4198 illis
3016 4135 3225 4213 permis-

1885 4227 2005 4267 sum
2022 4223 2165 4270 esset.
2186 4213 2347 4282 Quod
2372 4213 2736 4271 confirmatur
2757 4218 2821 4274 iu
2844 4220 2911 4274 L.
2942 4221 2993 4276 1.
3032 4219 3093 4276 C.
3130 4215 3228 4272 eoi-

1888 4296 1940 4344 et
1978 4291 2227 4348 additum
2254 4292 2477 4352 ibidem.
2503 4299 2557 4347 et
2583 4294 2641 4348 in
2670 4294 2740 4349 L.
2760 4297 2868 4351 ult.
2898 4298 2959 4353 C.
2988 4297 3099 4352 eod.
3126 4293 3228 4366 pla-

1884 4386 2002 4428 cere
2042 4370 2181 4427 hanc
2207 4370 2321 4428 illis
2344 4376 2656 4443 potestatem
2704 4389 2861 4441 esse,
2900 4375 3110 4450 quibus
3144 4375 3233 4430 aut

1884 4522 2234 4589 emancipatio
2257 4523 2387 4589 legis
2409 4523 2564 4578 actio:
2592 4525 2657 4576 L.
2690 4525 2749 4591 4.
2786 4527 2850 4580 h.
2888 4531 2983 4579 tir.
3010 4523 3121 4576 uon

1884 4588 2017 4638 terit
2049 4588 2191 4652 fieri,
2216 4587 2319 4642 nisi
2340 4587 2367 4637 'a
2408 4589 2477 4638 ud
2504 4585 2927 4655 magistratum.
2954 4589 3119 4642 Unde
3170 4589 3183 4606 “
3212 4613 3233 4630 0

1887 4655 1963 4718 jus
2006 4671 2049 4703 ι.
2085 4658 2222 4708 Inst.
2274 4655 2326 4704 6.
2403 4687 2416 4700 .
2462 4654 2516 4720 4.
2552 4656 3071 4722 emancipationem
3117 4659 3231 4706 ante

1881 4717 2077 4768 ‹zuriam
2110 4717 2403 4771 faciendam
2440 4735 2571 4770 csse.
