3327 5214
171 306 214 361 l.
235 308 279 361 2.
299 304 348 361 Γ.
369 322 426 359 nc
449 320 540 359 ux.
556 318 656 373 pro
687 306 827 357 mor.
866 301 922 356 L.
945 309 1206 371 patronus
1223 340 1237 364 ,
1263 298 1328 358 D.
1354 300 1422 355 (1ο

162 392 236 440 tut.
267 386 315 440 L.
349 399 414 441 ea·
433 384 689 447 imitemin,
715 381 783 435 D.
807 382 869 435 dc
894 388 1007 437 test.
1031 386 1127 436 m.
1154 377 1306 435 Unus
1347 376 1419 433 il-

163 462 203 515 le
221 478 272 517 ex
294 462 376 518 alii
400 458 626 532 probatis
664 458 972 515 auctoribus
1013 462 1183 529 potest
1206 456 1416 513 suffice-

163 556 220 603 re,
237 542 316 613 qui
351 546 422 595 est
447 540 582 609 apud
629 538 847 594 Terent.
887 539 946 593 iu
983 536 1204 594 Phor-m.
1229 532 1340 592 Act.
1365 534 1420 590 2.

159 619 228 675 Se.
257 618 301 674 3.
335 636 378 673 v.
415 620 502 674 65.

215 771 283 831 Δπ
303 790 360 830 ne
381 774 436 829 id
458 774 662 847 quidem
689 788 788 844 cqc
813 772 1098 845 adipiscar,
1123 770 1266 842 quod
1278 773 1378 843 jus

268 853 514 923 publicum
539 854 648 908 est?
911 894 922 903 .

153 1006 212 1061 ne
241 1008 504 1078 posteriore
541 1009 904 1082 appellatione
941 1024 1054 1065 non
1101 1003 1420 1081 dubitatur,

149 1100 246 1140 cum
287 1087 368 1157 jus
426 1086 706 1158 publicum
769 1088 964 1144 diserte
1003 1080 1300 1141 definiatur
1353 1084 1426 1138 ab

151 1162 342 1233 Ulpiano
377 1166 442 1221 ad
483 1166 640 1223 istam
668 1163 1127 1237 significationem
1169 1162 1230 1217 in
1271 1160 1332 1217 L.
1369 1160 1418 1216 1.

151 1240 196 1307 ς.
217 1242 262 1295 2.
295 1242 352 1298 D.
386 1246 447 1299 dc
463 1247 597 1315 just.
623 1253 675 1301 et
688 1249 806 1317 jur.
843 1242 1185 1313 significatio
1223 1256 1288 1296 ex
1329 1240 1424 1294 ad-

145 1318 311 1388 junctis
359 1320 510 1378 facile
563 1322 912 1380 discernitur.
965 1319 1126 1377 Prior
1163 1318 1390 1390 quidem
1411 1360 1426 1381 ‚

145 1412 240 1452 cum
289 1400 481 1457 dicitur
505 1443 519 1465 ,
557 1400 788 1474 privatis
841 1403 966 1471 iure
1018 1397 1240 1470 publico
1291 1395 1428 1467 quid

143 1474 368 1533 tributum
389 1518 403 1541 ‚
441 1484 534 1535 aut
589 1494 903 1536 concessum
943 1494 1086 1543 esse,
1140 1476 1288 1546 quod
1347 1474 1428 1545 ip-

143 1570 288 1611 sorum
337 1558 630 1615 utilitatem
683 1558 1000 1617 contineat}
1055 1560 1150 1610 aut
1187 1568 1312 1609 cum
1367 1550 1426 1607 in

143 1632 271 1689 ’ΨΒ
315 1637 645 1707 Pfivfllorum
696 1638 786 1708 jus
839 1634 1124 1709 publicum
1180 1630 1430 1687 nomina-

44 1480 47 1511 Ι

144 1714 236 1776 tur,
282 1720 336 1769 ut
373 1715 430 1771 in
485 1714 859 1787 superioribus
912 1713 1062 1769 locis.
1101 1710 1224 1767 Non
1277 1707 1426 1763 enim

44 1770 51 1943 ι
140 1796 274 1858 potest
311 1793 366 1847 in
403 1789 568 1850 'rebus
607 1792 836 1865 privatis
863 1791 1015 1847 aliud
1039 1790 1128 1861 jus
1157 1787 1394 1857 intelligi
1413 1828 1426 1852 ,

143 1880 276 1935 quam
325 1874 466 1941 quod
507 1872 736 1945 privatis
775 1886 935 1927 suum
986 1867 1198 1927 tribuit.
1247 1866 1426 1923 Poste-

44 1952 47 2031 .
143 1944 230 2000 rior
273 1948 552 2019 appellatio
611 1956 746 2007 tunc
805 1954 985 2020 aperte
1039 1962 1094 2003 se
1146 1945 1425 2006 ostendit.

143 2038 236 2079 eum
261 2028 524 2096 publicum
561 2028 862 2100 opponitur
891 2030 1136 2096 privato,
1163 2029 1224 2081 ut
1261 2023 1321 2077 in
1348 2022 1430 2079 di-

44 2092 47 2155 ἔ
139 2101 308 2160 risione
330 2106 579 2163 instituta
628 2107 888 2169 facimus,
925 2110 981 2161 ct
1021 2105 1083 2158 fit
1112 2100 1249 2157 in'd.
1281 2102 1336 2156 L.
1379 2101 1430 2156 1.

137 2180 183 2247 5.
213 2183 257 2236 2.
289 2185 347 2239 dc
363 2186 496 2254 just.
520 2194 574 2243 et
586 2189 710 2257 jur.
735 2184 908 2248 Nam,
945 2183 992 2239 si
1034 2182 1305 2253 'privatum
1332 2184 1426 2245 est,

140 2260 250 2321 wod
284 2264 511 2333 pertinet
551 2266 628 2321 ad
655 2264 997 2333 singulorum
1024 2258 1338 2323 utilitatem,
1363 2264 1426 2313 ut

44 2392 47 2401 .
136 2334 199 2391 ihi
231 2340 486 2398 delinitur:
525 2360 643 2399 non
672 2348 842 2413 potest
865 2342 956 2412 jus
977 2337 1262 2411 publicum
1291 2336 1422 2391 huic

134 2418 388 2485 omitum
405 2421 564 2478 aliud
581 2421 782 2493 accipi,
811 2433 978 2490 quam
999 2416 1148 2489 quod
1165 2430 1276 2471 non
1303 2430 1423 2486 per-

133 2492 240 2549 tinet
259 2498 322 2553 ad
354 2500 658 2555 utilitatem
687 2499 1044 2567 singulorum.
1069 2494 1308 2549 Proinde
1348 2493 1424 2555 id,

133 2576 246 2640 quod
272 2579 494 2647 pertinet
521 2580 596 2634 ad
627 2577 917 2649 publicam.
944 2577 1022 2634 Ac
1040 2574 1108 2630 de
1133 2588 1196 2629 eo
1211 2613 1226 2640 ,
1249 2577 1312 2628 ut
1338 2570 1426 2628 di-

135 2649 196 2710 li.
231 2655 464 2713 instituta
503 2675 572 2714 ex
615 2655 892 2727 superiore
931 2652 1200 2709 divisione
1229 2649 1424 2706 tracta-

130 2729 216 2783 ctio
249 2740 336 2788 est.
1347 2758 1350 2761 -

189 2807 246 2864 ll.
279 2802 574 2869 Publicum
615 2825 776 2882 ergo,
811 2809 961 2882 quod
1003 2809 1290 2882 a-privato
1341 2807 1424 2863 di·-

125 2884 410 2958 stinguitur,
451 2899 506 2948 et
543 2893 614 2946 de
637 2905 748 2962 quo
773 2903 922 2944 nunc
963 2889 1201 2957 agimus,
1223 2885 1303 2943 sic
1327 2887 1422 2942 de-

129 2962 286 3023 linitur
317 2971 386 3026 ab
423 2969 674 3043 Ulpiano
715 2967 773 3022 in
797 2970 852 3023 d.
899 2969 954 3022 L.
995 2969 1046 3022 1.
1087 2968 1146 3039 S.
1169 2967 1226 3021 2.
1251 2971 1313 3019 ut
1349 2965 1422 3022 sit

127 3039 206 3110 3¹¹³.
239 3050 372 3114 Quod
415 3051 484 3106 ad
535 3053 737 3104 statum
779 3045 854 3100 rei
891 3045 1158 3100 Romana>
1205 3049 1424 3114 spectat.

130 3117 202 3176 llei
241 3125 486 3184 Romanae
506 3163 528 3189 ,
571 3127 630 3182 id
670 3130 750 3182 est
775 3123 1107 3194 Reipublicae
1147 3123 1422 3178 Romano-

130 3212 243 3264 rum,
279 3213 334 3260 ut
373 3205 432 3260 in
477 3206 586 3262 illo
624 3219 778 3260 versu
819 3199 1008 3258 Ennii:

43 3283 55 3351 ⁷*-

135 3315 325 3379 mmm
348 3325 594 3396 antiquit
633 3339 716 3378 res
739 3327 844 3376 stac
869 3319 1140 3384 Romana,
1171 3320 1422 3390 vivisque.

135 3429 342 3494 llnmanae
367 3440 584 3496 dictum
605 3479 620 3499 ‚
645 3444 707 3495 ut
743 3435 1174 3507 distingueretur
1211 3435 1422 3493 utilitas

128 3525 212 3567 ron
229 3519 396 3573 solum
439 3517 782 3590 privatorum
809 3513 1042 3580 civium,
1065 3515 1158 3570 scd
1183 3521 1236 3570 et
1271 3523 1421 3570 caete-

131 3601 273 3648 rarum
297 3596 610 3659 civitatum,
637 3609 762 3665 quae
800 3601 926 3649 sunt
965 3593 1025 3649 in
1049 3595 1180 3650 orbe
1220 3595 1418 3650 Roma-

129 3681 192 3728 m:
215 3687 324 3742 ψη
361 3691 560 3730 omnes
597 3687 723 3729 cum
765 3673 968 3735 Roma,
991 3673 1080 3727 cui
1125 3673 1414 3744 parebant,

868 194 963 250 DE
1002 192 1186 250 mm:
1223 189 1449 250 m’lm
1485 192 1622 251 IJB.
1661 192 1731 251 n.
1771 190 1925 250 CAP.
1963 192 2033 249 V.

2710 184 2829 253 5218

1485 306 1594 356 'aut
1632 299 1923 357 constituta
1961 308 2102 356 stare
2142 297 2434 355 incolumis
2482 312 2595 353 non
2650 304 2837 371 potest.

1497 378 1562 435 ld
1588 379 1736 435 enim
1764 386 1959 435 stateem
1998 377 2261 449 cujusque
2290 378 2379 448 ,rei
2416 392 2697 436 vocamus,
2724 392 2837 447 quo

1495 472 1578 511 res
1601 460 1730 521 stat,
1758 463 1810 512 et
1833 456 1953 514 sine
1990 472 2103 527 quo
2140 472 2252 512 non
2288 455 2616 511 consisteret.
2640 456 2833 527 ltaque

1496 529 1540 591 sl
1594 536 2031 605 cognoverimus,
2084 548 2337 605 quaenam
2392 550 2465 589 eae
2506 550 2590 589 res
2616 534 2726 590 sint
2744 574 2758 597 ,
2782 542 2837 591 et

1495 613 1632 684 quid
1674 615 1742 670 de
1783 613 1869 671 bis
1903 614 2045 689 juris
2082 615 2175 671 sit:
2215 612 2378 670 simul
2417 614 2507 685 jus
2545 610 2835 684 publicum

1490 693 1825 749 tenebimus·

1503 838 1508 848 .
1573 770 1642 826 V.
1668 772 1749 827 De
1776 772 1859 829 his
1885 773 2047 829 rebus
2072 769 2147 827 sic
2172 769 2442 841 Ulpianus
2468 768 2657 824 scribit
2684 768 2741 825 in
2774 770 2835 825 L.

1500 848 1550 907 1.
1576 850 1637 921 S.
1662 851 1719 905 2.
1748 850 1814 905 1).
1838 852 1903 907 dc
1924 849 2097 921 justit.
2122 854 2175 903 et
2198 848 2310 919 jur.
2349 846 2632 905 Publicium
2652 852 2749 918 jm
2774 852 2835 901 in

1496 930 1662 984 sacris
1677 969 1691 993 ,
1716 932 1777 983 in
1802 929 2183 992 sacerdotibus,
2198 930 2257 981 in
2284 926 2691 994 umqum-atibus
2714 944 2837 981 con-

1497 1009 1665 1062 sistit.-
1692 1023 1792 1062 nec
1830 1008 2135 1080 quidquam
2178 1006 2429 1076 amplius.
2468 1004 2575 1061 Sed
2615 1004 2716 1059 hoc
2740 1020 2835 1059 an-

1501 1083 1734 1155 gustius,
1757 1101 1927 1156 quam
1955 1094 2016 1142 ut
2054 1084 2240 1140 omnia
2278 1083 2683 1157 complectatur,
2710 1098 2834 1154 quae

1503 1172 1631 1221 sunt
1672 1164 1832 1235 hujus
1882 1164 2123 1235 generis:
2176 1162 2403 1219 brevius
2434 1165 2485 1215 et
2522 1162 2835 1225 obscurius,

1501 1240 1672 1313 quam
1726 1251 1790 1299 ut
1829 1243 1886 1299 in
1929 1243 2019 1299 his
2056 1242 2211 1313 ipsis,
2250 1256 2373 1311 quie
2410 1250 2831 1303 commemorat,

1508 1321 1646 1378 ratio
1674 1321 1836 1394 possit
1861 1328 1971 1379 esse
2010 1319 2276 1391 exposita,
2300 1334 2402 1373 cur
2424 1318 2481 1372 in
2508 1317 2595 1374 his
2617 1317 2709 1390 jus
2733 1334 2833 1388 pu-

1507 1398 1720 1457 blicum
1760 1401 2049 1457 consistere
2086 1397 2315 1453 dicatur.
2352 1396 2507 1451 Certe
2546 1398 2613 1451 dc
2636 1396 2833 1465 sacris,

1505 1483 1560 1536 et
1583 1478 1976 1543 sacerdotibuS,
2002 1492 2123 1549 quae
2150 1474 2327 1547 potius
2345 1474 2485 1546 juris
2520 1474 2697 1530 divini
2722 1490 2832 1533 esse
2882 1516 2889 1525 .

1505 1556 1975 1627 videantur‚juste
2000 1552 2241 1611 dubitari
2270 1559 2457 1625 potest.
2479 1552 2621 1610 Tum
2650 1562 2831 1609 autem

1505 1635 1651 1691 nihil
1682 1634 1771 1690 bic
1797 1636 1999 1691 dicitnr
2035 1631 2375 1689 indicaturve
2401 1631 2469 1687 de
2493 1632 2615 1703 jure
2640 1647 2829 1687 carum

1505 1730 1716 1777 rerum,
1740 1718 1801 1769 ut
1838 1713 1965 1769 sciri
2006 1710 2195 1784 possit,
2220 1710 2277 1765 id
2320 1709 2390 1764 ad
2424 1712 2513 1781 jus
2548 1709 2829 1781 publicum

1502 1793 1787 1863 pertinere.
1816 1794 1919 1849 Res
1948 1791 2121 1863 igitur
2140 1789 2487 1863 pluribus-,et
2512 1787 2831 1845 certioribus

1503 1871 1730 1941 indiget.
1756 1864 1995 1927 Proinde
2018 1868 2367 1941 explicanda,
2394 1876 2559 1938 atque
2596 1867 2727 1922 inde
2752 1882 2832 1922 re·-

1501 1950 1731 2021 petenda
1746 1990 1759 2013 ,
1784 1950 1933 2005 unde
1958 1954 2180 2021 oportet.
2230 1951 2235 1961 ’
2396 1958 2403 1965 ·

1583 2028 1681 2083 Vl.
1708 2028 1867 2091 Dixi,
1888 2030 1974 2100 jus
1998 2026 2281 2098 publicum
2308 2038 2445 2088 esse,
2482 2026 2631 2095 quod
2656 2030 2737 2079 est
2760 2024 2829 2081 de

1507 2107 1761 2162 rebusad
1778 2112 1974 2163 statum
1992 2103 2305 2175 reipublice
2325 2098 2743 2174 pertinentibus:
2760 2105 2829 2160 ad

1503 2184 1649 2241 hunc
1677 2190 1876 2240 statum
1916 2184 2189 2256 pertinere
2226 2197 2315 2237 eas
2340 2198 2447 2245 res,
2470 2180 2588 2237 sine
2624 2180 2829 2252 quibus

1501 2260 1837 2333 respublica,
1862 2264 1945 2319 vel
1960 2262 2161 2319 ‘civitas
2184 2272 2323 2317 stare
2350 2276 2461 2315 non
2489 2256 2669 2331 possit.
2695 2262 2827 2329 Quae

1498 2342 1610 2398 sint
1647 2358 1724 2397 eae
1764 2358 1874 2405 res,
1912 2340 2227 2412 quaerimus.
2250 2338 2456 2395 Earum
2482 2339 2595 2395 duo
2631 2354 2826 2408 genera

1499 2425 1644 2476 sunt.
1679 2418 1943 2486 Quaedam
1996 2418 2147 2475 enim
2198 2422 2323 2473 sunt
2359 2416 2593 2473 civitatis
2632 2426 2825 2474 natura

1499 2514 1592 2553 sua
1622 2518 1636 2553 :
1688 2498 1939 2569 quoed'am
1994 2496 2231 2569 civitatis
2288 2496 2563 2552 habentur
2612 2504 2828 2571 propter

1499 2574 1681 2642 aliud,
1708 2592 1815 2632 non
1844 2585 2061 2651 propter
2082 2592 2139 2634 se
2164 2574 2322 2648 ipsaS.

1576 2656 1702 2712 vn.
1728 2657 1946 2712 Natura
1983 2673 2087 2714 nm
2107 2657 2339 2712 citatam
2376 2668 2529 2720 voco,
2554 2654 2672 2712 sine
2696 2651 2825 2729 qui-

1499 2734 1600 2790 bus
1623 2751 1726 2790 nec
1779 2736 1851 2791 ab
1900 2736 2059 2793 initio
2097 2733 2321 2807 quidem
2365 2741 2536 2806 potest
2573 2736 2825 2794 constitui

1498 2811 1713 2878 civitas,
1739 2814 1943 2885 quibus
1990 2813 2180 2871 iisdem
2222 2813 2279 2868 in
2331 2822 2518 2884 pacata
2542 2812 2732 2880 etiam,
2770 2823 2826 2872 et
2889 2807 2898 2815 '

1499 2891 1797 2964 tranquilla
1840 2893 2117 2964 republica
2158 2890 2351 2946 civitas
2389 2907 2569 2948 carere
2597 2909 2705 2947 non
2734 2910 2827 2965 po-

1499 2976 1616 3026 test.
1641 2969 1731 3026 13ae
1758 2987 1842 3027 res
1866 2983 1993 3028 sunt
2018 2972 2166 3026 duae:
2192 2963 2395 3026 sobolis
2428 2971 2745 3040 procreatio,
2772 2981 2828 3030 et

1498 3049 1612 3104 loca
1639 3045 1875 3106 civitatis
1915 3049 2103 3107 usibus
2141 3047 2377 3122 publicis
2410 3049 2615 3107 civium
2650 3065 2827 3107 neces—

1496 3143 1654 3182 saria.
2808 3165 2813 3170 -

1575 3205 1731 3262 vlu.
1758 3206 1825 3262 In
1853 3207 2049 3282 primis
2073 3205 2275 3263 sobolis
2300 3198 2601 3276 procreatio
2626 3208 2695 3263 ad
2721 3219 2825 3265 sta.-

1499 3289 1616 3340 tum
1645 3283 1958 3354 reipublic&³
1982 3289 2231 3360 pertinet.
2254 3285 2328 3340 Ut
2352 3284 2501 3340 enirn
2536 3284 2727 3344 civitas
2750 3290 2823 3345 ab

1501 3362 1662 3418 initio
1688 3362 1805 3418 sine
1830 3363 2043 3421 civibus
2066 3365 2315 3422 exsistere
2354 3379 2463 3418 non
2492 3373 2677 3434 potest,
2701 3381 2823 3438 quae

1501 3441 1645 3497 nihil
1676 3441 1829 3497 aliud
1858 3450 1963 3506 est,
1990 3458 2157 3515 quam
2184 3442 2385 3498 civium
2444 3459 2613 3500 unum
2657 3445 2714 3501 in
2744 3447 2824 3502 lo·

1497 3535 1620 3576 cum
1649 3519 1971 3578 coeuntium
1994 3520 2342 3590 consociatio:
2370 3519 2450 3577 sic
2488 3531 2705 3596 propter
2729 3527 2827 3582 ho-

1495 3599 1712 3653 minum
1768 3601 2151 3658 mortalitatem
2193 3600 2309 3657 sine
2364 3600 2661 3658 liberorum
2704 3621 2826 3676 pro-

1492 3678 1764 3734 creatione
1780 3719 1794 3741 ,
1818 3685 1870 3736 et
1894 3677 2276 3752 propagatione
2300 3685 2435 3735 stare
2459 3682 2686 3739 omnino
2708 3699 2821 3741 non

131 3758 398 3819 comparata
425 3754 768 3825 privatorum
809 3749 926 3806 loco
953 3751 1314 3808 habebantur.
1353 3751 1414 3808 I..
1491 3761 1680 3828 potest.
1722 3757 1851 3812 ldeo
1888 3759 2220 3831 Pomponius
2260 3757 2315 3814 in
2360 3760 2419 3815 1..
2465 3760 2513 3815 l.
2556 3761 2624 3816 D.
2662 3764 2820 3819 solut:

128 3821 226 3880 ὄπα
256 3836 515 3894 amatis,
559 3833 616 3888 L.
651 3845 803 3893 cum,
821 3833 918 3900 qui
953 3833 1210 3901 vectique,
1238 3831 1302 3887 L.
1331 3833 1415 3885 in-
1489 3843 1648 3890 ωηεν.
1680 3835 1821 3890 banc
1849 3839 2268 3907 procreationem
2298 3838 2366 3893 ad
2399 3838 2690 3910 utilitatem
2718 3855 2819 3910 pu-

130 3905 200 3966 ίπ,
219 3907 276 3964 D.
297 3913 360 3967 dc
383 3907 536 3967 verb.
561 3915 702 3980 sign.
883 3915 888 3918 '
1492 3908 1689 3969 blicam
1705 3955 1718 3978 ,
1756 3922 1809 3970 et
1848 3931 1967 3971 eain
1989 3957 2002 3978 ,
2028 3933 2137 3990 qua
2176 3923 2274 3972 stet
2310 3915 2533 3980 civitas,
2572 3927 2711 3974 recte
2734 3933 2817 3973 rc-

180 3981 257 4040 lll.
291 3991 508 4060 Spectat
529 3989 620 4059 jus
645 3989 714 4042 ad
740 3995 936 4043 statum
980 3987 1291 4060 reipublicae
1320 3987 1406 4052 id,
1485 3992 1631 4048 tulit.
1657 3994 1859 4050 Scribit
1897 3995 2075 4058 enim,
2116 3995 2333 4067 publice
2376 3994 2624 4052 interesse
2665 3999 2816 4054 dotes

130 4064 232 4124 ΨΚ]
253 4075 324 4124 est
347 4067 419 4122 de
447 4062 704 4127 rebusad
725 4072 924 4122 statum
955 4067 1294 4138 reipublicae,
1315 4083 1406 4122 seu
1487 4071 1811 4128 mulieribus
1848 4074 2187 4136 conservari,
2228 4089 2340 4128 non
2382 4081 2599 4146 propter
2638 4074 2815 4131 foemi-

44 4105 51 4224 J
132 4137 174 4188 δᾶ
201 4145 615 4218 rempublicam,
655 4151 716 4200 ut
767 4145 1194 4219 rempublicam,
1247 4145 1410 4216 perti*
1486 4165 1614 4211 nas,
1655 4159 1747 4206 a'nt
1788 4153 1935 4208 dotes
1978 4151 2143 4224 ipsas:
2184 4152 2275 4208 sed
2320 4159 2377 4207 ut
2418 4151 2654 4210 foeminae
2710 4171 2814 4208 nu-

44 4227 47 4264 i
132 4217 354 4300 fltntibua,
381 4241 582 4296 easque
611 4223 920 4294 reipublicae
948 4232 1159 4288 tuetur,
1183 4241 1247 4282 ac
1282 4241 1408 4282 con-
1489 4227 1614 4284 bere
1651 4229 1855 4298 possint
1894 4232 1969 4284 ad
2004 4231 2241 4286 sobolem·
2272 4233 2685 4299 procreandam,
2726 4233 2813 4287 in-

44 4301 47 4352 ἓ
131 4297 270 4354 estufin,
292 4301 362 4359 Ut
383 4302 538 4360 enim
559 4304 649 4375 jus
675 4299 926 4358 divinum
970 4303 1228 4368 dicimus,
1253 4303 1400 4375 quod
1479 4307 1628 4378 quit,
1666 4309 2078 4380 replendamquc
2118 4310 2299 4364 liberis
2334 4313 2629 4372 civitatem
2670 4311 2815 4367 indi-

43 4355 62 4410 *
132 4379 214 4436 ΨΒ
227 4391 346 4436 sunt
371 4381 502 4446 Dei,
529 4383 641 4437 Deo
675 4380 902 4444 tribuit3
927 4382 1198 4453 privatum
1215 4423 1229 4446 ,
1253 4383 1400 4452 qtiod

173 4449 182 4459 ι
1481 4401 1640 4448 cans,
1690 4385 1743 4438 in
1804 4386 1905 4440 hac
1946 4386 2059 4458 ipsa
2105 4387 2477 4457 procreatione
2516 4389 2713 4444 versari
2744 4391 2815 4446 il-

44 4477 47 4504 ÷
129 4455 294 4514 wratis
329 4459 554 4525 tribuit,
589 4460 741 4531 quod
781 4473 943 4515 suum
983 4469 1083 4516 est:
1107 4461 1183 4516 sic
1222 4459 1403 4534 publi-

1480 4464 1588 4520 lam
1617 4463 1910 4519 utilitatem
1954 4466 2265 4536 publicam:
2304 4481 2423 4520 eam
2478 4478 2659 4522 autem
2700 4485 2811 4526 csse

130 4537 706 4615 Qmedicinecesse
729 4539 995 4609 est,quod
1016 4537 1326 4610 reipublicae
1349 4547 1404 4596 ct
1479 4541 1771 4614 eiusmodi,
1807 4543 1861 4600 in
1900 4559 2010 4616 qua
2050 4541 2287 4600 civitatis
2324 4551 2494 4602 status
2532 4546 2809 4612 consistat,

127 4613 281 4668 otilati
309 4615 394 4678 id,
421 4617 564 4686 quod
593 4616 910 4688 reipublicae
934 4628 1036 4679 est,
1063 4615 1273 4676 tribuit.
1479 4627 1660 4693 utpote
1698 4638 1820 4693 quse
1848 4621 1917 4677 ad
1958 4622 2273 4692 replendam
2315 4623 2619 4692 civitatem,
2647 4623 2703 4682 id
2730 4637 2813 4686 est

181 4683 260 4744 R.
293 4691 565 4751 Dicuntur
589 4711 686 4752 res
711 4695 780 4751 ad
835 4702 1034 4754 statum
1089 4696 1402 4768 reipublicae
1476 4703 1544 4756 ad
1573 4716 1695 4755 eam
1718 4701 2171 4758 consociationem
2192 4743 2206 4764 ,
2226 4719 2352 4774 quae
2376 4703 2647 4762 civitatem
2676 4721 2805 4764 con-

125 4767 380 4833 annuere.
405 4772 518 4830 sine
541 4774 746 4847 quibus
771 4783 868 4830 aut
905 4773 1095 4831 civitas
1119 4775 1401 4842 constitui,
1475 4779 1654 4835 stituit
1670 4821 1685 4842 ,
1726 4780 1987 4836 tuendam
2026 4780 2313 4852 pertineat.
2867 4780 2874 4787 ’
