3327 5214
445 159 555 218 155

441 263 762 319 continuum
803 260 1172 319 intercesserit.
1212 263 1272 319 L.
1312 265 1410 318 ult.
1452 263 1510 318 C.
1550 265 1612 318 de
1653 264 1759 320 dol.

443 342 577 398 ltem
617 340 733 410 lege
769 340 919 396 Julia
961 342 1023 396 tlt
1063 345 1288 413 potestas
1337 341 1568 397 adulteri
1591 357 1762 406 ¹aceu-

442 418 598 476 sandi
643 418 784 473 intra
824 418 1264 490 quinquennium
1303 413 1652 486 continuum,
1694 437 1759 476 ex

442 515 551 570 quo
579 495 910 554 adulterium
939 497 1233 553 admissum
1250 503 1342 554 est.
1367 497 1492 554 Post
1517 497 1574 554 id
1599 496 1765 569 quin-

441 574 746 648 quennium
774 575 1080 630 adulterum
1122 589 1370 632 accusare
1397 593 1504 630 non
1543 577 1766 648 permit-

443 653 607 718 titur;
633 669 809 724 neque
849 653 1000 709 aliud
1040 659 1335 724 spectatur,
1358 669 1526 724 quam
1555 662 1767 719 utrum,

443 739 724 805 postquam
762 731 1110 788 commissum
1150 731 1477 788 adulterium
1530 732 1764 794 dieitur.

443 813 496 868 id
555 809 1000 880 quinquennium
1053 810 1374 866 continuum
1430 819 1765 867 numeretur.

441 889 505 946 L.
533 891 774 952 adulter,
801 889 857 944 C.
883 891 954 944 (ιά
986 887 1106 956 leq.
1133 889 1248 946 Just.
1275 891 1336 944 de
1363 889 1592 946 adulter.
1607 887 1763 958 Quod

443 966 783 1038 perspicuum
823 972 901 1022 est
925 1007 939 1030 ,
981 965 1088 1020 diei
1129 968 1380 1025 adversus
1418 985 1634 1031 omnes,
1672 969 1768 1038 qui

443 1052 561 1116 post
588 1044 1032 1116 quinquennium
1066 1052 1330 1110 accusant,
1355 1045 1518 1102 etiam
1544 1045 1588 1102 si
1618 1045 1772 1100 adul-

440 1123 641 1179 terium
683 1123 832 1195 prius
869 1120 1214 1178 commissum
1240 1139 1349 1180 esse
1387 1123 1771 1194 ignoraverint.

445 1200 670 1273 Alioqui
723 1201 1014 1256 dicendum
1070 1201 1273 1266 suerat,
1325 1207 1632 1272 potestatem
1686 1219 1771 1258 ae-

441 1279 672 1337 cusaudi
711 1296 821 1336 esse
847 1278 990 1335 intra
1031 1279 1512 1351 quinquennium,
1552 1299 1618 1336 ex
1659 1297 1771 1352 qno

444 1357 777 1414 adulterium
831 1357 1181 1413 commissum
1242 1357 1524 1428 cognitum
1577 1359 1772 1423 suerit,

443 1452 552 1490 non
593 1453 660 1490 ex
696 1452 806 1507 quo
845 1433 1192 1492 commissum
1233 1442 1333 1492 est:
1377 1435 1508 1493 item
1550 1453 1659 1493 non
1690 1435 1773 1494 in-

442 1519 524 1568 tra
563 1513 1010 1586 quinquennium
1065 1514 1417 1580 continuum,
1467 1516 1560 1572 sed
1605 1515 1767 1582 utile,

443 1593 706 1663 quoniam
748 1591 881 1646 utile
920 1599 998 1648 est
1039 1587 1126 1656 id,
1164 1593 1313 1664 quod
1351 1593 1539 1650 scienti
1583 1599 1650 1652 ad
1684 1611 1768 1650 ac-

442 1671 742 1726 cusandum
781 1669 950 1732 cedit,
991 1675 1048 1725 ut
1089 1669 1225 1726 dixi.
1251 1671 1402 1726 ldem
1444 1671 1683 1730 dicemus
1711 1672 1767 1728 in

443 1763 503 1802 eo
543 1745 906 1819 quadriennio
946 1749 1236 1811 eontinu0,
1271 1751 1418 1820 quod
1464 1749 1769 1810 minoribus

443 1825 586 1882 laesis
640 1831 756 1896 post
807 1823 1382 1897 vigesimumquintum
1433 1845 1644 1884 annum
1696 1829 1763 1883 ad

441 1906 727 1975 petendam
756 1903 814 1958 in
843 1902 1112 1974 integrum
1154 1904 1547 1962 restitutionem
1575 1905 1766 1972 datur,

443 1992 507 2036 ut
531 1981 739 2038 seilicet
763 1987 1045 2054 postquam
1071 1982 1230 2038 semel
1261 1984 1475 2047 scienti,
1498 2003 1552 2042 se
1579 1981 1767 2041 lae'sum

443 2059 626 2124 fuisse,
672 2061 860 2116 cedere
886 2059 1128 2132 coeperit:
1156 2062 1404 2134 deinceps
1444 2066 1495 2117 et
1521 2065 1770 2122 adversus

447 2137 789 2210 ignorantem
831 2139 1106 2209 procedat,
1147 2156 1382 2212 cumque
1407 2143 1689 2204 excludat,
1712 2147 1769 2198 ut

443 2215 558 2272 dici
600 2217 786 2289 possit,
825 2217 1022 2274 exinde
1061 2216 1486 2289 quadriennium
1513 2237 1622 2278 esse
1645 2237 1774 2276 eon-

450 2295 698 2358 tinuum,
741 2311 850 2350 non
893 2295 1046 2351 utile.
1087 2297 1150 2354 L.
1188 2298 1284 2351 vlt.
1325 2297 1382 2354 C.
1419 2299 1482 2352 de
1523 2308 1677 2368 temp.
1716 2302 1775 2354 in

343 2405 348 2410 ·
442 2376 610 2443 imey.
650 2383 771 2430 rest.
798 2372 992 2445 Finge,
1019 2391 1172 2436 eum,
1196 2374 1291 2445 q'ui
1319 2391 1404 2439 se,
1441 2392 1566 2432 eum
1593 2376 1777 2432 minor

445 2459 609 2515 esset,
634 2461 850 2524 captum
879 2453 1040 2510 fuisse
1077 2452 1309 2518 sciebat,
1344 2454 1622 2512 decessisse
1656 2465 1775 2526 post

444 2529 768 2600 vigesimum
797 2531 1050 2601 quintum
1070 2548 1272 2586 annum
1292 2533 1636 2602 completum,
1661 2550 1771 2606 quo

444 2612 684 2680 tempore
699 2610 1126 2681 quadriennium
1143 2610 1383 2681 petendae
1412 2612 1470 2667 in
1496 2612 1768 2682 integrum

445 2688 774 2745 restitutioni
803 2688 1162 2761 praestitutum
1189 2690 1376 2745 cedere
1391 2700 1634 2761 coeperat.
1661 2690 1770 2747 He-

443 2766 562 2822 redi
593 2766 708 2838 ejus
746 2768 992 2822 eamdem
1031 2766 1346 2838 petitionem
1387 2769 1640 2827 dabimus
1680 2768 1768 2825 in-

446 2851 530 2900 tra
569 2844 844 2917 reliquum
887 2855 1095 2917 tempus
1141 2845 1490 2917 quadrienni.
1549 2848 1612 2903 L.
1659 2864 1767 2903 non

444 2926 648 2989 solum,
688 2923 756 2979 D.
793 2924 856 2979 de
894 2927 953 2979 in
992 2928 1088 2980 int.
1125 2928 1288 2991 restit.
1324 2924 1456 2991 Sed,
1493 2925 1596 2981 hoc
1634 2942 1767 2996 prae-

443 3003 633 3068 terit0,
673 3002 826 3059 heres
865 3003 1204 3066 excludetur,
1241 3003 1490 3073 quamvis
1526 3002 1584 3058 in
1627 3002 1772 3061 inte-

444 3098 604 3153 grum
621 3080 1017 3137 restitutionem
1036 3080 1292 3142 defuncto
1306 3084 1605 3153 competere
1623 3082 1773 3159 igno-

447 3160 670 3221 raverit.
698 3158 908 3215 etiamsi
935 3159 1171 3215 maxime
1199 3160 1256 3215 in
1286 3160 1422 3215 facto
1459 3177 1658 3217 errans
1682 3160 1775 3215 Sie

445 3245 496 3295 et
523 3240 623 3294 hoc
647 3240 770 3310 jure
807 3236 1002 3309 posite,
1039 3238 1352 3295 servitutem
1388 3232 1774 3319 per-‚fonst'itu-

447 3319 566 3373 tum
609 3324 816 3389 tempus
857 3332 966 3373 non
1024 3318 1227 3372 utendo
1283 3312 1483 3373 amitti':
1512 3317 1771 3388 placuit.

447 3411 572 3451 eum
600 3396 845 3452 amittere
862 3436 876 3459 ,
901 3395 995 3467 qui
1029 3411 1152 3453 usus
1179 3412 1288 3450 non
1315 3394 1518 3459 sit,etsi
1545 3396 1770 3453 servitu-

447 3480 556 3529 tem
586 3472 689 3530 sibi
719 3476 891 3544 legato
929 3474 1273 3530 constitutam
1313 3488 1452 3537 esse,
1493 3474 1772 3546 ignorave-

449 3554 538 3610 rit.
577 3555 637 3611 L.
691 3555 737 3609 si
779 3560 1008 3623 partem.
1061 3556 1118 3606 in
1162 3569 1254 3623 pr.
1308 3550 1378 3607 D.
1433 3568 1587 3625 qvem
1637 3571 1771 3609 serr.

449 3638 618 3687 avum.

528 3712 624 3765 lv.
667 3708 798 3765 Hire
836 3708 1019 3765 omnia
1063 3727 1126 3766 ex
1181 3726 1270 3772 eo,
1321 3711 1470 3779 quod
1524 3716 1771 3781 apparet,

450 3791 624 3861 legem
664 3788 920 3845 constitui
949 3788 1114 3843 etiam
1141 3790 1394 3845 adversus
1437 3788 1775 3859 ignorantes.

449 3878 511 3926 ut
551 3884 645 3939 per
683 3867 856 3937 legem
898 3866 1068 3939 ipsam
1095 3868 1163 3923 ad
1205 3866 1634 3937 deprecationem
1663 3884 1776 3937 poe-

449 3965 534 4005 nae
574 3947 786 4003 inutilis
824 3946 893 4003 sit
934 3944 1279 4017 ignorantiae,
1307 3944 1468 4001 etiam
1507 3942 1652 4007 sacti.
1676 3962 1766 4001 ex-

448 4027 683 4085 cusatio:
725 4026 950 4097 proinde
989 4026 1162 4081 multo
1226 4022 1398 4092 magis
1450 4018 1769 4093 ignorantiae

443 4109 607 4180 juris,
648 4111 706 4162 ut
746 4106 838 4163 hic
876 4112 1102 4174 utraque
1143 4101 1449 4173 ignorantia
1475 4104 1662 4157 eodem
1690 4104 1770 4159 lo-

451 4204 513 4243 co
554 4186 847 4249 habeatur,
885 4188 939 4238 et
977 4182 1178 4255 pariter
1215 4188 1406 4237 neutra
1447 4180 1629 4253 prosit.
1657 4180 1769 4237 Un-

453 4266 546 4330 de,
572 4282 697 4320 cum
739 4261 1149 4319 matrimonium
1178 4257 1528 4317 interdictum
1579 4259 1648 4316 sit
1694 4260 1777 4315 in-

455 4354 534 4401 ter
571 4341 870 4415 pupillam,
921 4350 972 4399 et
1025 4349 1285 4405 tutorem,
1340 4344 1431 4394 aut
1485 4336 1677 4397 tutoris
1718 4340 1777 4393 ti-

455 4424 596 4479 lium
667 4428 790 4477 ante
861 4420 1180 4491 vigesimum
1235 4418 1491 4489 quintum
1569 4434 1777 4473 annum

454 4501 675 4574 pupillze
739 4501 1098 4569 completum,
1162 4503 1216 4553 et
1279 4498 1584 4569 legitimum
1642 4503 1777 4551 tem-

454 4596 555 4652 pus
591 4580 657 4633 ad
699 4580 984 4651 petendam
1025 4576 1418 4634 restitutionem
1461 4580 1678 4633 datum:
1724 4575 1778 4628 L.

455 4660 928 4722 senatusconsulta,
972 4656 1038 4714 D.
1074 4658 1136 4711 de
1175 4660 1261 4710 rit.
1299 4656 1534 4727 nuptui..
1586 4656 1637 4711 si
1678 4666 1778 4722 pa-

462 4740 585 4801 tris,
614 4736 671 4792 C.
708 4736 770 4791 de
811 4737 999 4792 interd.
1037 4738 1268 4791 matri-m.
1307 4734 1404 4789 inl.
1437 4751 1567 4805 pup.
1607 4740 1656 4788 et
1681 4738 1776 4787 tut.

1257 157 1577 218 HUGONIS
1617 157 1933 218 DONELLI
1973 156 2345 218 commr.
2452 183 2457 188 ·

3024 156 3116 220 tto

1834 262 2034 335 placet,
2082 261 2126 330 si
2164 261 2227 319 hi
2276 255 2553 333 conjuncti
2604 259 2737 323 sint.
2785 261 2990 320 nullum
3022 281 3125 322 esse

1836 339 2249 414 matrimonium
2268 381 2283 402 .
2306 355 2489 413 neque
2528 340 2585 396 id
2626 339 2841 396 defendi
2864 357 3001 412 pose
3025 343 3127 398 ullo

1838 421 2095 490 praetextu
2132 418 2463 477 rusticitatis.
2490 423 2583 474 aut
2610 417 2907 490 imperitiae,
2930 417 2987 475 L.
3014 421 3057 478 1.
3078 421 3129 476 C.
3224 459 3229 464 -

1840 497 1903 552 da
1942 497 2131 553 interd.
2178 502 2410 553 vuarim.
2449 496 2651 554 scilieet
2702 499 2833 568 quia
2880 512 2972 552 nec
3018 498 3127 554 facti

1843 573 2153 646 ignorantia
2190 575 2419 634 efficeret
2433 616 2448 640 ‚
2472 583 2533 631 ut
2555 574 2861 630 consisteret
2882 575 3131 632 matrimo-

1846 651 1999 708 nium
2019 694 2031 714 ,
2057 671 2181 708 cum
2206 653 2297 709 lex
2322 652 2638 726 simpliciter
2663 653 2801 708 inter
2836 649 2957 709 istas
2979 670 3132 724 perso-

1841 747 1937 788 nas
1978 731 2079 786 hoe
2102 731 2271 806 'ipso,
2320 735 2467 806 quod
2519 735 2651 790 tates
2688 742 2841 793 sunt.
2878 730 3133 788 matrimo-

1840 809 1999 866 nium
2026 807 2326 868 sustulerit.
2359 813 2412 866 ἀ.
2452 811 2513 868 L.
2558 811 2606 866 1.
2648 809 2706 867 C.
2743 811 2805 866 de
2830 811 3010 866 interd.
3034 827 3133 866 ma-

1840 883 1908 943 tr.
1946 888 2102 956 Quod
2143 889 2203 945 ni
2242 890 2315 946 ita
2356 899 2517 954 esset,
2541 885 2705 944 etiam
2736 887 2877 962 juris
2913 885 3135 958 ignoran-

1847 966 1922 1024 tia
1953 965 2011 1022 in
2038 966 2139 1023 hac
2175 985 2231 1024 re
2255 969 2498 1026 excusari
2534 973 2703 1039 posset
2742 971 2953 1039 propter
2988 965 3137 1038 impe-

1849 1044 2035 1102 ritiam
2091 1046 2299 1110 uxoris,
2350 1056 2445 1102 aut
2492 1043 2849 1104 rusticitatem
2876 1084 2890 1109 ‚
2938 1055 2989 1102 et
3031 1053 3137 1102 aeta-

1850 1131 1957 1180 tem
1984 1123 2195 1191 mariti,
2221 1125 2422 1200 quibus
2448 1125 2515 1180 de
2538 1124 2738 1182 caussis
2772 1133 2828 1180 et
2848 1121 2982 1193 juris
3002 1123 3137 1194 igno-

1850 1200 2038 1258 rantiae
2075 1203 2338 1274 parcitur,
2389 1209 2450 1258 ut
2497 1211 2677 1274 postea
2728 1200 2951 1258 dicetur.
2995 1201 3139 1258 Nocet

1848 1296 1974 1352 ergo
2000 1280 2089 1336 hic
2113 1277 2256 1353 juris
2281 1280 2615 1354 ignorantia,
2638 1279 2771 1353 quia
2796 1290 2849 1335 et
2872 1280 2991 1336 tacti
3006 1278 3137 1350 igio-

1850 1358 2029 1417 rantia
2076 1370 2313 1426 noceret,
2353 1375 2413 1416 ac
2452 1359 2637 1416 minus
2678 1358 2995 1430 ignorantiae,
3016 1358 3137 1428 juris

1848 1453 2159 1494 eoncessum
2184 1445 2281 1494 est.
2314 1439 2455 1494 Nam
2498 1439 2643 1510 quod
2687 1436 2889 1492 dicitur
2926 1439 2983 1492 in
3018 1435 3139 1492 1..2.

1846 1515 1916 1572 D.
1957 1517 2017 1572 dc
2046 1518 2166 1586 jur.
2203 1523 2253 1572 et
2284 1517 2409 1594 fciet.
2444 1518 2560 1586 iqn.
2586 1515 2646 1572 in
2674 1515 2825 1572 omni
2856 1521 2997 1586 parte
3014 1513 3139 1584 juris

1842 1609 2077 1650 errorem
2104 1593 2161 1648 in
2180 1593 2305 1666 jure
2328 1611 2441 1652 non
2480 1596 2669 1651 eodem
2708 1595 2851 1661 loce,
2890 1610 2995 1665 quo
3030 1591 3137 1648 facti

1847 1669 2247 1742 ignorantiam,
2299 1673 2489 1730 haberi
2544 1673 2765 1728 debere:
2816 1679 2947 1728 tunc
2980 1671 3137 1726 locum

1846 1747 2035 1815 habet,
2056 1767 2184 1806 cum
2224 1751 2545 1823 ignorantiae
2572 1751 2697 1808 faeti
2728 1750 2942 1823 aliquid
2967 1747 3140 1806 tribui·

1845 1832 1951 1884 tur.
1990 1829 2145 1884 Tunc
2183 1830 2333 1886 enim
2360 1835 2497 1886 recte
2524 1828 2753 1896 dieitur,
2791 1847 2901 1886 non
2936 1828 3047 1884 ideo
3064 1843 3138 1882 er-

1846 1906 1953 1962 rori
1991 1906 2133 1978 juris
2173 1906 2319 1964 idem
2361 1899 2745 1974 tribuendum,
2770 1909 2901 1980 quia
2938 1906 3021 1962 hic
3044 1921 3137 1962 non

1847 1986 2035 2041 eodem
2074 1986 2191 2042 loco
2232 1985 2421 2043 haberi
2462 1987 2667 2044 debeat.
2708 1987 2999 2048 Caeterum,
3030 1999 3139 2040 cum

1848 2064 2047 2136 placet,
2061 2080 2158 2120 nec
2175 2064 2537 2136 ignorantiam
2554 2065 2677 2122 faeti
2696 2067 2963 2136 prodesse,
2978 2065 3142 2119 absur-

1850 2141 1981 2196 dum
2008 2149 2083 2197 est
2108 2141 2215 2198 dici
2234 2185 2247 2206 ‚
2262 2145 2533 2214 prodesse,
2548 2146 2747 2200 debere
2771 2159 2999 2200 errorem
3018 2138 3141 2213 juris

1849 2229 1912 2275 ut
1936 2221 2183 2278 hicet-ror
2206 2222 2469 2279 habeatur
2496 2223 2552 2278 in
2578 2222 2687 2279 alia
2712 2239 2920 2278 caussa:
2944 2217 3143 2287 cumiu-

1852 2298 1927 2354 ris
1954 2316 2103 2354 error
2140 2300 2389 2357 omnium
2416 2301 2646 2357 minime
2673 2303 2919 2374 prodesse
2950 2300 3143 2361 debeat,

1851 2377 1895 2432 si
1922 2393 2043 2433 eum
2074 2377 2199 2435 sacti
2230 2380 2533 2450 ignorantia
2560 2379 2886 2436 conseratur.
2911 2380 2968 2436 L.
2988 2391 3143 2440 error,

1849 2455 1913 2512 L.
1951 2459 2175 2526 regula,
2210 2457 2277 2513 D.
2314 2459 2376 2515 de
2404 2463 2525 2530 jur.
2562 2468 2611 2514 et
2644 2463 2773 2535 fact.
2810 2462 2923 2530 ign.

1928 2533 1995 2589 V.
2056 2535 2413 2609 Quapropter,
2464 2535 2507 2594 si
2562 2539 2785 2611 quando
2838 2528 3142 2594 excusationi

1849 2611 2169 2683 ignorantiae
2196 2616 2345 2673 loeus
2366 2626 2469 2681 est,
2494 2633 2565 2673 ne
2588 2616 2647 2671 in
2665 2633 2884 2689 poenam
2901 2613 3025 2685 legis
3038 2610 3146 2681 quis

1847 2690 2077 2748 incidat:
2121 2692 2199 2749 ibi
2240 2696 2389 2751 locus
2412 2700 2513 2759 est,
2552 2711 2675 2749 cum
2717 2696 2807 2749 lex
2847 2694 2983 2749 hane
3006 2705 3143 2746 excu-

1842 2768 2105 2827 sationem
2130 2772 2383 2831 admittit.
2408 2774 2474 2829 ld
2500 2782 2617 2829 tum
2644 2772 2821 2829 facere
2848 2768 3147 2839 intelligitur

1844 2864 1968 2905 cum
1999 2850 2251 2907 adversus
2274 2851 2499 2908 scientes
2522 2848 2659 2925 quid
2700 2843 3000 2907 constituit:
3034 2860 3145 2901 eum

1847 2925 2227 2997 ignorantibus
2260 2928 2396 3001 quid
2436 2929 2708 2992 concedit,
2754 2928 3037 2985 scientibus
3070 2924 3148 2977 de-

1848 3013 2037 3075 negat:
2090 3017 2215 3071 aut,
2252 3009 2399 3080 quod
2443 3009 2586 3065 idem
2637 3008 2810 3073 valet,
2860 3021 2983 3062 eum
3028 3000 3145 3073 quid

1849 3084 2041 3140 tribuit
2080 3085 2231 3141 bonae
2274 3086 2399 3142 fidei
2443 3086 2855 3157 possessoribus,
2905 3078 3149 3139 contraria

1851 3161 1958 3217 fide
1984 3162 2375 3234 possidentibus
2413 3164 2675 3229 detrahit,
2711 3174 2776 3222 ut
2816 3166 2881 3219 fit
2921 3161 2977 3218 in
3004 3160 3149 3215 bono-

1852 3256 1977 3297 rum
2033 3242 2449 3314 possessionibus
2502 3244 2643 3300 intra
2700 3251 2913 3299 certum
2963 3248 3151 3307 ternpus

1850 3320 2069 3383 dandis;
2096 3320 2154 3377 in
2173 3321 2403 3379 indebiti
2416 3322 2578 3378 soluti
2593 3321 2959 3377 condictione:
2975 3316 3029 3373 in
3044 3330 3153 3401 usu-

1850 3399 2090 3469 capione.
2116 3401 2163 3454 N
2169 3417 2257 3455 am
2286 3401 2553 3456 bonorum
2580 3398 2953 3471 possessionem
2981 3394 3023 3451 si
3046 3406 3153 3462 quis

1849 3486 2134 3533 extraneus
2162 3478 2303 3535 intra
2330 3489 2548 3534 centum
2579 3478 2718 3541 dies;
2746 3478 2895 3533 tilius
2921 3474 3055 3531 intra
3070 3486 3153 3525 an-

1848 3572 1982 3611 num
2010 3574 2121 3612 non
2151 3557 2499 3627 petierittetsi
2517 3556 2619 3613 hoc
2634 3556 2879 3627 petenda.»-
2908 3555 3149 3609 bonorum

1848 3635 2155 3704 possessioni
2189 3644 2404 3707 tempus
2440 3634 2615 3691 edicto
2656 3632 3015 3705 praestitutum
3056 3634 3151 3683 cst:

1848 3714 1906 3785 S.
1944 3730 2063 3769 eum
2100 3716 2301 3783 ἱῃίιιιν,
2328 3712 2453 3769 lust.
2478 3714 2541 3769 de
2584 3714 2700 3767 bon.
2734 3728 2879 3781 poss.
2920 3711 2981 3766 L.
3022 3706 3065 3761 1.
3098 3702 3151 3775 S.

1849 3796 1897 3845 si
1934 3796 2111 3857 intra,
2136 3801 2185 3849 ct
2210 3794 2269 3866 §5
2292 3795 2503 3863 largius
2522 3832 2535 3855 ‚
2564 3790 2632 3845 D.
2666 3790 2729 3845 de
2770 3805 2981 3845 succosa.
3018 3784 3153 3840 edict·

1851 3878 2029 3925 tamen
2072 3888 2183 3927 non
2224 3868 2574 3935 excludetur,
2612 3869 2657 3925 si
2699 3866 2822 3923 ideo
2864 3882 2971 3921 non
3012 3870 3155 3947 petie·

1845 3949 1947 4015 rit,
1985 3950 2133 4019 quod
2178 3949 2426 4021 nescierit
2452 3964 2547 4017 per
2572 3963 2758 4003 omnes
2784 3946 2897 4016 ejus
2922 3950 3153 4017 temporis

1846 4026 1957 4083 dies
1982 4020 2248 4083 bonorum
2288 4025 2665 4097 possessionem
2694 4024 2797 4081 sibi
2830 4020 3047 4077 deferri:
3070 4013 3150 4071 sed

1844 4104 1935 4160 hie
1962 4106 2277 4175 ignorantia}
2302 4104 2576 4161 distinctio
2602 4102 2948 4164 admittetur,
2970 4099 3033 4152 de
3054 4107 3150 4164 qua

1845 4182 1903 4239 in
1948 4184 2009 4237 L.
2054 4183 2100 4239 1.
2142 4185 2209 4239 D.
2248 4187 2311 4240 de
2344 4186 2463 4253 Jur.
2502 4192 2551 4237 et
2587 4186 2711 4258 [act.
2749 4184 2867 4251 ian.
2908 4174 3151 4261 nimirum

1854 4260 1999 4325 ideo,
2025 4261 2155 4333 quia
2182 4262 2327 4319 intra
2342 4272 2550 4332 tempus
2566 4276 2729 4331 supra
2749 4257 2853 4313 scri
2862 4266 3006 4328 ptum
3034 4248 3152 4336 utile

1853 4338 2121 4395 bonorum
2147 4340 2393 4412 possessio
2418 4340 2671 4395 defertur.
2698 4339 2779 4394 lta
2816 4341 2997 4393 autem
3034 4325 3155 4416 ufssfl

1853 4424 2065 4489 tempus
2088 4430 2186 4474 est:
2215 4426 2274 4475 ut
2298 4417 2497 4489 singuli
2526 4417 2637 4473 dies
2663 4418 2721 4474 in
2748 4432 2809 4470 eo
2842 4414 2999 4469 utiles
3030 4410 3151 4462 snut,

1854 4496 2057 4552 scilicet
2082 4506 2143 4552 ut
2166 4513 2262 4567 per
2285 4498 2525 4567 singulos
2549 4496 2661 4551 dies
2688 4493 2891 4551 scierit.
2916 4500 2967 4545 et
2992 4494 3153 4557 potue-

1856 4574 1929 4630 rit
1952 4574 2261 4641 admittere,
2290 4582 2348 4631 ut
2390 4582 2467 4631 est
2510 4576 2570 4631 in
2602 4574 2662 4629 L.
2703 4573 2755 4627 2.
2797 4571 2863 4627 D.
2904 4568 3017 4639 quis
3052 4558 3153 4613 ⁰²¹3·

1854 4656 1912 4708 in
1952 4652 2066 4709 bon.
2102 4670 2238 4723 poss.
2276 4670 2409 4713 serr.
2450 4652 2539 4710 Sic
2570 4659 2621 4707 et
2648 4652 2705 4707 in
2737 4644 2956 4704 indebiti
2986 4636 3153 4729 eondi-

1854 4730 2027 4791 etione
2069 4732 2384 4803 ignorantiae
2424 4728 2653 4803 quaestio
2670 4770 2685 4796 ,
2711 4740 2761 4787 et
2786 4723 3045 4783 distinctio
3072 4712 3155 4769 ad-
