3327 5214
445 208 554 267 ¹67

441 320 508 371 de
544 315 688 385 juris
709 310 882 371 civilis
905 312 1210 383 ignorantia
1246 310 1622 385 accipiendum
1659 321 1757 369 est.

441 396 581 450 Nam
618 393 760 467 juris
797 394 1038 461 gentium
1081 388 1396 463 'ignorantia
1437 408 1508 449 ne
1557 393 1615 449 in
1657 390 1761 449 mi-

439 473 666 529 noribus
702 472 954 542 quidem,
993 482 1046 527 ct
1086 468 1326 527 neminis
1361 472 1759 529 excusationem

441 550 618 607 habet.
657 552 716 606 L.
753 554 803 605 εἰ
839 551 1160 607 adulterium
1195 564 1316 603 cum
1349 553 1568 614 incesto,
1607 550 1667 619 S.
1710 548 1761 603 1.

441 629 506 685 D.
545 630 619 683 ad
647 628 768 697 Lea.
807 628 922 684 Jut.
957 630 1022 685 de
1069 629 1240 685 adult.
1279 628 1357 683 Dc
1395 642 1508 698 quo
1546 636 1755 699 postca,

438 722 562 761 cum
591 706 658 762 dc
683 706 895 764 delictis
916 716 1121 777 agetur.

515 786 611 840 lv.
649 784 874 857 Propria
909 784 1252 855 singularum
1305 800 1610 843 caussarum
1663 782 1759 837 dc-

437 864 607 919 fensio
645 870 749 928 oet,
785 878 910 933 quai
956 863 1182 921 ducitur
1217 881 1284 919 cx
1338 864 1423 921 his
1459 863 1588 934 ipsis
1635 878 1765 919 cau-

433 942 530 1003 sis,
576 948 630 997 et
683 958 806 1013 qum
853 958 951 1013 pro
1005 942 1346 1013 singularum
1388 941 1644 997 varietate
1681 939 1765 995 di-

433 1019 744 1089 stinguitur.
785 1020 850 1075 td
889 1036 1014 1075 vero
1051 1021 1128 1077 ita
1167 1021 1381 1077 accidit.
1421 1020 1564 1075 Nam
1604 1027 1659 1075 ct
1698 1020 1757 1075 in

435 1098 547 1156 his.
600 1096 698 1169 qui
741 1097 841 1169 ipsi
895 1098 1136 1169 imperiti
1193 1100 1490 1170 peritorum
1544 1097 1757 1169 copiam

433 1176 746 1231 habuerunt
766 1218 780 1237 ,
807 1177 1112 1247 ignorantia
1134 1177 1276 1249 juris
1300 1177 1629 1250 quandoque
1645 1191 1756 1230 non

433 1263 609 1309 nocet:
649 1254 724 1309 sic
762 1264 974 1319 tamen,
1001 1262 1062 1311 ut
1111 1256 1178 1311 de
1217 1272 1280 1309 eo
1318 1254 1470 1309 aliud
1521 1262 1757 1309 servetur

433 1332 489 1386 in
530 1332 891 1403 compendiis,
939 1334 1090 1389 aliud
1143 1334 1198 1389 in
1258 1333 1474 1389 damnis
1522 1333 1759 1395 amissoe,

432 1410 586 1465 aliud
631 1410 687 1465 in
737 1412 954 1466 damnis
1003 1412 1314 1469 amittendoe
1365 1410 1441 1466 rei
1492 1426 1616 1465 suae.
1669 1411 1758 1466 Sic

429 1487 578 1542 enim
621 1488 734 1543 hirc
771 1505 966 1557 genera
1008 1491 1240 1551 notavit.
1279 1496 1334 1545 et
1369 1489 1622 1546 distinxit
1659 1488 1759 1544 Pa-

431 1564 688 1635 pinianus
739 1568 798 1622 in
843 1569 904 1624 L.
955 1584 1138 1631 error,
1189 1566 1254 1625 D.
1289 1568 1352 1633 ds
1381 1570 1500 1638 jur.
1547 1575 1598 1623 ct
1633 1570 1761 1640 fact.

427 1648 535 1713 ian.
587 1644 744 1711 Quod
802 1645 943 1701 hanc
1007 1646 1328 1702 sententiam
1385 1646 1564 1701 habet.
1617 1646 1763 1701 Inte-

432 1731 562 1785 rest,
589 1732 776 1779 utrum
804 1723 930 1794 quis
953 1740 1048 1797 per
1074 1723 1436 1795 ignorantiam
1460 1724 1602 1794 ,iuris
1625 1724 1763 1795 quid

429 1816 536 1855 non
581 1801 806 1865 habeat:
845 1820 914 1859 an
956 1820 1081 1860 vero
1121 1812 1336 1875 propter
1361 1804 1502 1857 hanc
1531 1802 1588 1857 in
1629 1802 1764 1872 ejus,

320 1901 328 1915 ·
427 1880 574 1950 quod
617 1880 810 1944 babet,
857 1880 1198 1937 amissionem
1254 1887 1496 1945 vocetur3
1545 1888 1600 1937 ct
1640 1896 1763 1936 rur-

428 1973 548 2014 sum
591 1957 648 2011 in
695 1974 773 2020 eo,
811 1961 957 2029 quod
1005 1976 1115 2015 non
1159 1960 1586 2021 habet„utrum
1637 1958 1759 2015 idco

429 2052 542 2090 non
585 2036 782 2092 babeat
799 2078 812 2099 ,
837 2037 968 2107 quia
1008 2054 1119 2093 non
1146 2036 1486 2109 acquisierit,
1509 2052 1636 2091 cum
1665 2038 1761 2093 de-

428 2112 685 2171 ferretur:
709 2130 778 2169 an
812 2132 938 2173 vero
969 2132 1098 2171 cum
1125 2116 1379 2181 baberet,
1404 2116 1471 2171 de
1495 2131 1594 2171 suo
1619 2114 1759 2171 ami-

428 2193 570 2249 serit.
612 2192 766 2261 Quod
811 2194 1092 2265 acquirere
1129 2194 1336 2266 potuit,
1371 2192 1759 2265 compendium

427 2282 532 2335 est,
556 2272 706 2343 quod
743 2281 800 2329 et
846 2274 1056 2329 lucrum
1110 2282 1330 2329 vocatur
1369 2272 1425 2329 in
1467 2273 1658 2329 cadem
1701 2288 1759 2327 rc

429 2349 484 2404 in
535 2350 594 2403 L.
629 2353 908 2421 qvamvis,
935 2352 990 2405 (¹.
1016 2353 1126 2407 eod.
1153 2351 1210 2407 Si
1237 2351 1371 2421 quid
1404 2351 1474 2409 de
1495 2366 1593 2406 suo
1617 2351 1757 2407 ami-

427 2428 522 2484 sit:
549 2428 836 2485 damnum.
875 2428 970 2485 Est
1003 2430 1153 2485 enim
1193 2431 1461 2485 damnum
1501 2428 1759 2500 patrimo-

429 2505 508 2561 nii
537 2505 860 2564 deminutio.
903 2508 958 2562 L.
987 2508 1040 2563 3.
1069 2508 1130 2563 Β.
1165 2510 1228 2565 de
1267 2509 1448 2565 damn.
1485 2508 1658 2580 insect.
1698 2508 1753 2564 Si

427 2584 569 2640 nihil
612 2586 745 2640 dum
775 2585 983 2648 misit.
1005 2588 1098 2644 sed
1127 2587 1241 2646 mc
1267 2585 1482 2644 amissio
1519 2587 1755 2658 postula-

428 2674 548 2718 tur:
573 2663 630 2721 id
673 2665 938 2720 damnum
973 2674 1074 2730 cst,
1113 2667 1260 2737 quod
1301 2665 1640 2737 Papinianus
1666 2683 1757 2722 vo⁴

429 2748 518 2797 rat
557 2743 812 2798 damnum
853 2759 960 2798 non
1003 2743 1322 2816 simpliciter
1349 2745 1366 2820 (
1393 2759 1568 2815 neque
1609 2743 1757 2800 enim

427 2819 519 2876 hic
557 2819 866 2892 quidquam
905 2822 1086 2878 adhuc
1125 2822 1314 2878 damni
1365 2822 1568 2878 fartum
1609 2829 1687 2878 est
1712 2822 1761 2895 ):

425 2900 515 2954 sed
558 2916 683 2954 cum
713 2900 1000 2972 adjuncto,
1034 2903 1288 2958 damnum
1317 2902 1650 2958 damnanda
1674 2905 1754 2956 rei

427 2995 568 3040 mo,
608 2993 716 3034 non
759 2979 983 3034 amissae.
1021 2978 1086 3035 In
1128 2979 1243 3043 his,
1295 2979 1558 3050 inquam,
1595 2995 1754 3050 gene-

427 3056 580 3112 ribus
619 3059 686 3112 de
717 3056 1020 3128 ignorantia
1049 3058 1188 3127 juris
1211 3059 1388 3120 aliud,
1413 3065 1574 3128 atque
1601 3059 1751 3114 aliud

425 3144 700 3198 servatur,
735 3143 975 3208 suntque
1015 3138 1072 3192 in
1113 3153 1176 3192 eo
1215 3137 1274 3193 bi
1313 3137 1466 3207 quasi
1521 3136 1752 3207 quidam

427 3214 628 3280 gradus
665 3230 925 3283 generum
953 3214 1294 3272 observandi.
1321 3216 1462 3271 Nam
1493 3214 1548 3271 in
1575 3214 1755 3286 primo

429 3290 688 3348 latissime
711 3295 960 3350 omnium
1003 3303 1154 3350 nocet
1179 3295 1324 3367 juris
1348 3292 1671 3365 ignorantia:
1698 3295 1756 3351 in

427 3369 661 3424 secundo
687 3370 895 3436 minus,
911 3372 972 3428 in
987 3373 1144 3430 tertio
1169 3372 1412 3430 minime.
1426 3373 1580 3440 Quod
1595 3411 1609 3436 ,
1625 3388 1759 3442 qua-

428 3457 584 3502 tenus
610 3449 864 3518 procedat
905 3451 962 3506 in
1001 3450 1256 3521 singulis,
1293 3450 1474 3508 dicam
1499 3451 1707 3506 ordine.

507 3527 574 3580 V.
615 3525 692 3580 De
729 3529 1064 3598 compendiis
1097 3530 1174 3586 sie.
1212 3527 1544 3600 Papinianus
1568 3529 1761 3588 definit

433 3602 490 3657 in
535 3601 595 3657 L.
633 3621 811 3667 error,
839 3606 902 3661 Ι).
928 3608 996 3661 de
1017 3606 1127 3676 jur.
1165 3615 1219 3664 et
1243 3609 1366 3666 fact.
1395 3607 1566 3678 ignor.
1603 3609 1759 3662 Jurt's

429 3697 580 3734 errm·
617 3699 710 3738 uec
737 3683 967 3755 frum-‘nis
1005 3687 1064 3738 in
1084 3687 1400 3745 compendiis
1421 3687 1648 3754 prodest.
1679 3687 1756 3740 Dc

427 3759 668 3816 fluminis
706 3761 946 3825 addidit,
987 3769 1046 3818 ut
1095 3763 1542 3834 intelligeremus,
1583 3781 1751 3833 quam

428 3835 738 3908 plenissime
777 3839 834 3894 in
879 3839 982 3895 hoc
1017 3856 1214 3910 genere
1239 3841 1566 3914 superiorem
1598 3859 1755 3914 regu-

428 3916 540 3970 lam
581 3919 650 3972 de
677 3915 818 3987 juris
853 3918 1158 3988 ignorantia
1215 3922 1413 3978 valere:
1465 3933 1605 3978 certe
1647 3923 1756 3992 pli·-

427 3994 772 4066 niuS‚quam
801 3995 855 4051 in
891 3997 1124 4054 damnis.
1165 3998 1306 4054 Nam
1345 4009 1400 4056 et
1441 3999 1496 4054 in
1538 3999 1756 4056 damnis

429 4080 582 4131 nocet
609 4074 912 4145 ignorantia
949 4075 1113 4148 juris:
1140 4093 1328 4132 verum
1355 4095 1463 4135 non
1491 4077 1590 4142 ita,
1616 4079 1755 4148 quin

429 4150 664 4209 l'oeminae
687 4153 1048 4228 excipiantur.
1063 4155 1129 4212 In
1155 4156 1490 4228 compendiis
1514 4156 1617 4212 hoc
1633 4158 1759 4228 plus

428 4236 530 4295 ost,
575 4231 758 4302 quod.
789 4249 918 4290 cum
959 4233 1016 4289 in
1059 4234 1162 4291 bac
1200 4251 1382 4292 caussa
1433 4253 1544 4294 non
1584 4235 1753 4308 prosit

429 4309 658 4372 caeteris,
697 4318 818 4367 tum
856 4329 983 4367 vero
1021 4311 1096 4386 (1)
1134 4329 1202 4370 ne
1239 4313 1476 4370 foeminis
1511 4315 1751 4385 quidem.

429 4385 746 4458 compendii
764 4430 779 4454 ,
817 4400 872 4448 ct
908 4389 1048 4448 lucri
1086 4401 1215 4450 sunt
1265 4393 1548 4466 insucapio.
1591 4395 1757 4448 bono-

430 4479 556 4518 rum
618 4468 872 4537 possessio
900 4508 916 4535 ,
966 4487 1050 4526 rcs
1085 4470 1480 4530 boercditatoeve
1532 4472 1755 4537 delatae,

497 4649 580 4715 (ι)
610 4647 942 4717 Regula-iter
975 4657 1200 4708 scilicet.
1247 4653 1407 4708 Unde
1457 4659 1658 4710 dicitur
1694 4659 1753 4711 in

441 4717 500 4766 L.
543 4730 620 4765 ιι.
655 4725 720 4770 C.
744 4718 798 4766 h.
825 4727 869 4767 t.
903 4724 1061 4771 solen
1095 4719 1238 4773 Sunt
1273 4723 1414 4774 enim
1449 4741 1615 4784 casus,
1638 4725 1759 4790 qui-

435 4777 530 4832 bua
562 4787 614 4830 et
649 4779 708 4833 iu
745 4783 909 4834 lucris
945 4787 1154 4836 mulieri
1187 4787 1533 4850 subvenitur,
1575 4794 1639 4844 L.
1684 4789 1781 4846 15„

1253 202 1578 265 undosis
1618 204 1935 263 nonum
1973 203 2343 263 oomw.

3219 0 3289 67 ’Ἴ

3016 206 3110 263 iffi

1833 313 2115 383 omnisque
2152 312 2385 383 alicujus
2424 308 2499 366 rei
2554 309 2849 382 acquisitio.
2892 310 3109 367 Totidem

1834 390 1893 447 in
1932 390 2223 461 generibus
2260 389 2477 447 retineri
2520 388 2663 447 hanc
2702 390 2962 461 regulam,
2984 404 3111 460 repe-

1834 484 2053 525 nemus.

1915 546 2011 604 vl.
2026 548 2105 603 De
2120 546 2447 621 usucapione
2476 546 2547 603 ita
2573 545 2831 602 traditur:
2854 545 3113 616 Nunquam

1837 630 1897 681 in
1934 626 2340 697 usiscape‘onibm
2354 628 2505 697 juris
2528 640 2682 681 error
2714 626 2981 695 poumaem‘
3006 638 3117 693 pro-

1832 704 1961 761 dost.
2010 706 2071 761 l..
2124 720 2427 775 nunquam.
2474 706 2534 759 in
2578 706 2745 774 princ.
2792 702 2859 761 D.
2891 700 2949 757 do
2992 716 3121 769 usuc.

1838 782 2083 853 Exempli
2122 798 2337 850 caussa,
2360 784 2494 841 emit
2533 782 2661 855 quis
2680 780 2797 837 sine
2833 780 3010 837 tutoris
3041 794 3123 835 au-

1838 861 2081 919 ctoritate
2106 877 2135 917 a
2163 862 2398 935 pupillo,
2421 878 2585 933 quem
2610 857 2712 916 scit
2736 858 2994 931 pupillum
3018 872 3123 913 esse.

1839 940 1965 997 Non
2004 938 2177 1011 capiet
2230 956 2359 1006 usu,
2398 941 2563 997 etiam
2616 936 2663 995 si
2718 946 2891 1009 putet,
2932 935 3127 1007 pupillis

1836 1019 1995 1075 licere
2020 1018 2137 1077 sine
2162 1018 2357 1077 tutoris
2378 1019 2693 1077 auctoritate
2717 1033 2801 1072 res
2824 1032 2941 1073 suas
2976 1014 3127 1071 admi-

1835 1097 2059 1155 nistrare
2072 1138 2085 1163 ,
2100 1114 2271 1169 coque
2295 1105 2347 1155 et
2359 1097 2655 1157 constitisse
2670 1111 2754 1151 cm
2761 1094 3004 1165 ptionem,
3014 1092 3133 1163 quia'

1831 1174 1969 1245 juris
1994 1174 2082 1231 hir
2106 1194 2257 1233 error
2282 1186 2385 1241 est,
2408 1186 2463 1234 et
2484 1192 2648 1248 quem
2674 1182 2887 1245 emptor
2912 1173 2967 1229 in
3002 1188 3132 1229 com·-

1837 1254 2033 1325 pendio
2059 1256 2185 1310 velit
2210 1256 2251 1311 si
2262 1256 2316 1311 bi
2347 1256 2606 1328 prodesse.
2638 1252 2727 1308 Sic
2754 1268 2904 1307 error
2930 1252 2983 1307 in
3010 1266 3132 1304 com-

1837 1333 2049 1403 pendiis
2088 1335 2227 1390 nulli
2272 1336 2503 1405 prodest.
2543 1333 2715 1403 quue
2752 1332 2809 1388 in
2850 1331 2947 1386 hac
2983 1326 3133 1398 speeie

1838 1410 1911 1466 ita
1952 1410 2209 1481 seriptum
2251 1424 2328 1469 est
2370 1412 2427 1469 in
2473 1414 2530 1468 Ι..
2566 1412 2621 1466 2.
2664 1410 2723 1481 S.
2764 1412 2813 1464 εἰ
2851 1425 2888 1464 a
2920 1408 3138 1477 propino.

1838 1490 1899 1545 D.
1930 1506 2035 1559 pro
2056 1500 2211 1560 empt.
2237 1493 2381 1561 Ergo
2420 1508 2517 1549 nec
2557 1487 2801 1545 foeminis
2826 1485 3075 1560 proderit,
3098 1484 3133 1538 si

1838 1568 1938 1623 hoc
1976 1584 2157 1623 errore
2192 1570 2326 1641 quid
2367 1580 2609 1641 emptum
2651 1567 2748 1623 diu
2792 1582 2891 1636 pro
2926 1580 3019 1619 sno
3040 1578 3141 1635 pos-

1838 1646 2088 1701 sederint.
2130 1648 2189 1702 ld
2219 1647 2369 1703 enim
2396 1650 2562 1711 valet,
2585 1646 2731 1717 quod
2762 1645 2985 1705 dicitur,
3012 1642 3142 1696 bunc

1844 1740 2077 1781 errorem
2106 1727 2163 1782 in
2192 1726 2615 1797 usucapionibus
2640 1724 2888 1794 prodaesc
2925 1721 3076 1777 nulli.
3096 1722 3145 1775 d.

1843 1805 1899 1871 ἑξ.
1938 1804 1987 1858 εἰ
2011 1818 2047 1857 α
2066 1806 2301 1874 pupillo.
2324 1814 2379 1860 et
2404 1805 2653 1878 prodesse
2692 1816 2981 1873 nunquam
3006 1800 3055 1855 d.
3096 1798 3145 1853 1..

1840 1894 2130 1951 nunquam.
3146 1916 3151 1927 .

1914 1958 2041 2017 Vll.
2082 1960 2213 2017 Plus
2248 1961 2385 2031 juris
2422 1968 2499 2017 est
2544 1960 2599 2017 in
2642 1960 2921 2017 bonorum
2972 1972 3151 2029 posses·

1832 2036 2105 2101 sionibus,
2144 2048 2197 2095 et
2222 2040 2627 2098 haereditatibus
2677 2045 3031 2098 testamento.
3066 2040 3155 2089 aut

1834 2117 1949 2187 lege
1986 2117 2203 2181 delatis,
2252 2134 2421 2189 quam
2478 2119 2535 2174 in
2594 2118 2755 2175 rebm
2820 2114 3017 2173 alienis
3058 2128 3151 2169 usu

1837 2195 2201 2267 acquirendis.
2238 2197 2340 2253 Sed
2370 2209 2423 2254 ct
2450 2198 2507 2253 in
2534 2197 2653 2261 his,
2673 2204 2734 2254 ut
2774 2192 3151 2267 compendium

1835 2290 1925 2329 seu
1967 2275 2181 2330 lucrum
2221 2288 2325 2331 est:
2368 2276 2443 2335 ita
2490 2285 2546 2331 et
2592 2276 2785 2333 eadem
2830 2274 3017 2341 regula
3064 2270 3151 2323 ob-

1834 2360 2089 2409 servatur.
2118 2353 2197 2409 Dc
2222 2354 2487 2413 bonorum
2516 2354 2841 2425 nssessioue
2866 2351 3014 2407 intra
3032 2365 3167 2421 praem

1834 2431 2086 2487 stitutum
2128 2438 2338 2503 tempus
2377 2432 2711 2503 agnoscenda
2738 2431 2821 2489 ita
2861 2431 2953 2503 jus
2992 2437 3081 2484 est.
3106 2425 3153 2480 Si

1836 2508 1961 2579 quis
1998 2508 2125 2575 scit,
2150 2511 2597 2581 patremfamilias
2621 2518 2911 2567 mortuum
2940 2524 3067 2571 esse,
3086 2520 3171 2561 soa

1831 2602 1939 2658 quc
1978 2588 2048 2642 ab
2087 2606 2149 2646 eo
2178 2596 2315 2645 recte
2354 2590 2665 2646 institutum
2704 2604 2847 2652 esse,
2890 2597 2989 2644 aut
3024 2604 3079 2643 se
3112 2582 3157 2638 ei

1832 2667 2085 2724 intestato
2122 2667 2431 2738 proximum
2458 2676 2745 2736 cognatum
2797 2668 2993 2724 fuisse:
3016 2665 3175 2721 cedet.

1838 2743 1887 2800 ci
1942 2753 2192 2816 tempus,
2244 2763 2383 2809 nec,
2430 2746 2727 2816 quominus
2778 2747 2945 2803 cedat
2976 2785 2993 2807 .
3054 2758 3165 2814 1)·’0-

1838 2823 1978 2881 derit
2026 2823 2106 2888 ei,
2148 2825 2191 2882 si
2242 2839 2303 2880 ca
2356 2826 2555 2890 sciens,
2598 2841 2721 2895 qun
2760 2841 2937 2896 supra
2976 2821 3162 2892 scripta

1830 2909 1983 2970 sunt,
2008 2919 2114 2958 non
2146 2913 2323 2960 tamen
2353 2911 2522 2975 putat.
2537 2904 2643 2962 sibi
2662 2906 2951 2960 bonorum
2978 2915 3173 2972 posses-

1830 2983 2039 3038 sionem
2076 2984 2200 3054 J‘urc
2224 2983 2447 3039 deferri.
2486 2983 2615 3040 Haec
2642 2983 2795 3038 enim
2832 2981 2989 3054 juris
3020 2978 3169 3048 igno-

1836 3061 2011 3116 rantia
2039 3069 2143 3124 m,
2169 3079 2292 3134 quae
2318 3072 2371 3118 et
2412 3061 2471 3117 in
2516 3063 2789 3118 bonorum
2824 3055 3169 3132 possessioni-

1836 3139 1936 3196 bus
1960 3155 2069 3195 non
2098 3141 2327 3210 prodest.
2376 3141 2430 3195 L.
2454 3145 2512 3198 in
2536 3140 2833 3202 bommm,
2862 3139 2931 3196 D.
2972 3141 3037 3195 de-
3062 3137 3171 3192 hon..

1824 3233 2017 3286 ymnos.
2059 3218 2319 3290 Idemque
2354 3218 2493 3288 juris
2518 3235 2629 3274 esse
2670 3219 2853 3289 placet
2883 3227 2939 3272 ct
2970 3217 3029 3272 in
3058 3231 3175 3270 mu-

1834 3295 2085 3360 lieribus,
2124 3297 2165 3352 si
2208 3298 2397 3354 eodem
2438 3313 2617 3353 errore
2656 3297 2945 3352 bonorum
2976 3309 3177 3367 posscs-

1834 3373 2040 3429 sioncm
2081 3375 2185 3430 sibi
2214 3377 2447 3431 delatam
2476 3393 2585 3431 non
2614 3374 2973 3446 agnoverint.
3000 3375 3066 3430 L.
3084 3375 3175 3441 ju-

1834 3455 1939 3514 νίς.
1978 3453 2037 3508 C.
2060 3456 2157 3524 qm·
2180 3455 2364 3510 adunit.
2390 3455 2463 3510 ad
2486 3455 2601 3512 bon.
2618 3471 2759 3523 poss.
2800 3454 2967 3510 Idem
3010 3460 3093 3508 est
3126 3455 3179 3504 et

1840 3531 1895 3584 iu
1915 3531 2242 3595 haereditate,
2258 3548 2381 3602 quae
2392 3545 2539 3590 certa
2562 3532 2891 3590 conditione
2918 3532 3181 3588 defertur.

1840 3609 1940 3674 Ut,
1966 3606 2321 3667 denuntiatur
2348 3611 2628 3676 omnibus,
2656 3609 2755 3681 qui
2784 3612 2863 3667 ad
2894 3607 3181 3666 successio-

1834 3704 1957 3744 nem
2003 3697 2262 3744 vocantur
2314 3688 2509 3760 pupilli
2564 3689 2805 3751 mortui,
2851 3699 2911 3748 et
2954 3687 3181 3761 quidem

1832 3764 2024 3830 matri,
2054 3777 2139 3830 ut,
2180 3766 2434 3824 defuncto
2472 3769 2591 3840 ejiis
2630 3774 2813 3840 patre,
2844 3774 3095 3824 tutorem
3134 3763 3186 3818 ci

1830 3844 1975 3902 intra
2016 3861 2225 3902 annum
2268 3853 2477 3914 petant,
2516 3861 2688 3917 caque
2730 3846 3073 3902 conditione
3096 3843 3190 3898 de·

1835 3923 2004 3980 fertur
2031 3923 2114 3980 bis
2132 3924 2327 3995 pupilli
2349 3923 2631 3982 baercditas
2655 3936 2770 3982 tam
2798 3926 2880 3980 ab
2914 3925 3193 3981 intmato.

1830 4017 1997 4072 quam
2038 4019 2101 4057 cx
2141 4001 2537 4058 substitutione.
2564 4005 2771 4066 Placet,
2818 4003 2916 4058 his
2948 4011 3187 4058 tutorem

1834 4095 1944 4134 non
1974 4079 2307 4151 petentibus,
2334 4097 2443 4136 non
2474 4090 2689 4138 tantum
2718 4081 2962 4142 aliiS.sc
2990 4093 3046 4138 et
3075 4095 3195 4136 ma·-

1836 4156 1907 4213 tri
1950 4157 2249 4229 impuberis
2304 4159 2507 4215 mortui
2564 4159 2979 4217 successionem
3030 4161 3197 4215 dene-

1828 4236 1964 4308 gari.
1994 4238 2055 4293 L.
2080 4241 2279 4298 sciant,
2320 4239 2377 4292 (ζ
2404 4239 2467 4292 (Ic
2509 4237 2657 4307 legit.
2690 4239 2809 4294 her.
2862 4239 2932 4294 L.
2988 4253 3117 4296 eum
3160 4250 3199 4290 a

1829 4315 2117 4374 matribus.
2156 4317 2213 4372 C.
2252 4319 2347 4386 ψη·
2369 4324 2475 4384 pcc.
2524 4325 2620 4374 tut.
2661 4316 2722 4372 L.
2762 4319 2877 4372 ult.
2926 4320 2991 4374 (Ἰ.
3018 4322 3070 4372 si
3096 4316 3199 4369 ad-

1833 4408 1967 4450 vers.
2006 4395 2177 4450 delict.
2220 4394 2399 4466 thue
2438 4395 2539 4450 boc
2564 4395 2945 4452 constitutum
2986 4393 3200 4452 intelli-

1835 4489 2027 4543 gamus
2064 4489 2175 4530 non
2222 4481 2437 4530 tantum
2479 4473 2732 4530 adversus
2786 4483 3207 4534 contumaces·

1836 4655 1888 4727 §-
1919 4679 2043 4728 pen-
2078 4659 2156 4710 od
2192 4663 2251 4712 L.
2286 4663 2457 4728 Cor-n.
2502 4659 2571 4712 (Ie
2602 4649 2755 4728 suls'.
2804 4663 2872 4710 1,.
2912 4677 2969 4710 2.
3012 4667 3059 4731 ς.
3083 4663 3206 4731 fin.

1836 4725 1907 4776 de
1928 4729 2053 4796 jur.
2084 4725 2209 4793 fisc-
2244 4723 2327 4775 tta
2362 4725 2542 4792 Cujac.
2584 4725 2662 4789 14.
2698 4728 2829 4778 (ybs.
2860 4727 2957 4792 39.
