3327 5214
181 199 244 258 97

881 191 980 254 DE
1015 191 1200 250 JURE
1235 192 1459 250 Gtwu
1502 193 1636 250 Lm.
1676 193 1719 248 1.
1758 192 1913 248 CAP.
1948 193 2105 249 xm.

2780 193 2857 250 98

179 319 266 373 qua
299 298 538 372 particula
578 297 694 368 cius
731 295 1026 368 proposita,
1059 295 1333 368 judicare,
1357 298 1439 352 vel
1519 304 1629 361 cet,
1666 295 1817 352 hunc
1851 313 1961 352 nou
2000 296 2187 353 teneri.
2217 297 2277 352 L.
2313 289 2459 366 1133.
2502 299 2549 352 εἰ
2592 299 2857 366 iutelligi-

177 379 465 450 respondere.
489 373 1442 447 lncixile,idestiniquum,etcontra
1517 383 1640 440 tur,
1682 375 1750 431 D.
1774 370 1885 431 cod.
1912 375 2083 446 Atqui
2110 375 2271 431 edicti
2315 376 2477 430 verba
2524 374 2668 442 nibil
2713 377 2858 431 cxci-

171 459 252 529 jus.
271 457 324 512 L.
344 459 387 511 n·
409 455 676 530 defunctus
691 495 708 514 .
737 453 802 508 D.
827 453 890 509 de
907 469 1125 522 procur.
1162 453 1223 508 L.
1246 456 1345 509 ult.
1383 452 1443 524 g.
1522 453 1700 524 piuut.
1726 453 1832 510 Sed
1856 453 2021 510 edicti
2045 452 2375 525 proponendi
2406 469 2589 508 caussa
2619 453 2731 508 haec
2750 454 2858 509 fuit

169 551 268 604 pen.
285 543 328 588 et
358 536 447 588 ult.
473 533 536 588 D.
573 535 716 602 quod
741 537 860 586 niet.
882 547 1026 588 caus.
1043 533 1209 586 Recte
1232 540 1442 588 utrum·
1521 548 1589 588 ne
1615 540 1881 602 emptores
1904 531 2263 604 decipiantur.
2288 534 2341 586 d.
2370 533 2431 586 L.
2465 531 2514 586 1.
2538 532 2597 604 S.
2632 532 2681 588 1.
2726 531 2853 588 Non

173 629 280 684 que,
299 611 420 684 quia
443 619 520 666 est
543 611 798 667 adversus
821 609 1235 680 legem:etideo
1258 611 1444 665 adver·
1521 610 1791 682 decipitur
1840 617 2025 666 autem
2064 617 2301 682 emptor,
2340 609 2431 664 cui
2472 609 2541 664 de
2590 609 2723 666 vitio
2774 611 2855 666 rei

171 707 244 746 sus
255 693 404 760 legem
421 689 546 760 quia
563 689 817 744 adversus
839 688 1164 744 sententiam
1180 695 1236 744 et
1259 689 1343 743 vol
1351 703 1450 742 un-

171 777 302 826 tatem
327 767 464 838 legis,
488 769 542 823 d.
561 767 742 824 bnon
765 767 1148 831 dubiumst&
1173 767 1334 835 leyib.
1345 766 1450 822 Sed

169 863 217 901 eo
246 846 498 918 iniquius,
536 862 650 915 quo
701 843 1039 900 malitiosius
1087 843 1450 915 Arripiuntur

168 923 286 980 euim
311 923 391 979 hic
405 923 671 980 malitiose
689 923 848 978 verba
875 923 1040 978 unius
1053 922 1334 993 particulae
1361 923 1456 978 ad-

163 1019 314 1060 versus
345 1002 686 1058 manifestam
722 1000 1073 1064 sententiam,
1110 1017 1233 1072 quae
1272 1000 1456 1058 statim

165 1081 483 1138 animadverti
509 1079 705 1152 potuit,
719 1081 764 1135 si
781 1079 901 1136 aliae
928 1087 1104 1150 partes
1127 1080 1368 1151 ejusdem
1386 1081 1460 1134 le-

164 1161 608 1231 gisspectarentur.
626 1158 698 1214 Ut
711 1158 756 1214 si
783 1157 909 1230 quis
933 1158 992 1214 in
1020 1157 1195 1214 edicto
1222 1159 1319 1214 Ex
1343 1159 1460 1228 qut·-

163 1238 240 1293 ὀιιε
249 1242 432 1294 σαυεεὶε
457 1240 693 1308 majores
719 1240 780 1291 in
803 1239 1072 1306 inteyrum
1097 1237 1466 1298 restituuntur,

165 1333 220 1371 ex
232 1313 466 1372 omnibus
481 1315 552 1372 iis
565 1315 790 1406 caussiS,
813 1331 938 1386 quoe
963 1314 1164 1370 suntin
1191 1313 1464 1386 prioribus

163 1393 382 1450 clausulis
395 1392 562 1450 edicti
582 1434 597 1457 ‚
637 1411 698 1450 ιιι
741 1393 1018 1462 integrum
1059 1391 1462 1450 restitutionem

161 1472 260 1528 sine
293 1472 604 1544 exceptione
643 1474 904 1544 postulet,
941 1470 1134 1528 omissa
1175 1470 1418 1525 clausula
1445 1509 1460 1535 ,

161 1567 265 1622 quae
306 1550 525 1606 additur
571 1552 630 1607 in
671 1556 940 1614 extremo,
978 1567 1090 1622 qua
1139 1547 1463 1620 generaliter

165 1628 314 1700 priora
341 1637 743 1700 temperantur,
763 1631 918 1699 Quod
931 1633 1046 1698 ejus
1057 1645 1157 1698 per
1182 1629 1324 1697 leyen
1340 1667 1356 1691 ,
1371 1626 1466 1684 Sc-

163 1709 526 1764 natuoeonmlta
552 1747 569 1770 ,
595 1710 764 1763 edicta
779 1749 794 1772 ,
831 1709 1036 1763 decreta
1055 1707 1360 1776 principum
1383 1705 1468 1776 fa-

163 1793 256 1842 eere
286 1786 469 1840 licebit.
493 1787 850 1857 Quamquam
877 1792 932 1840 et
971 1801 1038 1840 ex
1062 1784 1187 1841 aliis
1223 1782 1470 1855 partibus

165 1862 276 1934 legis
287 1863 552 1920 sententia
583 1865 716 1934 legis
739 1863 902 1920 latior
914 1862 1215 1933 colligitur:
1233 1869 1294 1918 ut
1307 1861 1472 1916 etiam

167 1941 248 1997 boc
285 1941 500 1998 nomine
547 1950 720 1998 totam
760 1944 932 2012 legem
973 1941 1166 2012 inspici
1215 1946 1470 2012 oporteat.

166 2020 250 2076 Sed
271 2021 364 2075 hoc
386 2022 458 2076 ad
485 2021 725 2078 alteram
767 2028 974 2092 partem
1013 2017 1473 2092 interpretationis

167 2099 381 2170 pertinet.
409 2099 490 2155 De
515 2115 630 2170 qua
659 2099 906 2170 proximo
931 2097 1134 2170 Capite.
1277 2146 1286 2152 .

232 2177 319 2232 lx.
355 2177 411 2233 Si
451 2178 772 2248 generalem
799 2177 1044 2248 aliquam
1069 2177 1366 2233 orationem
1397 2175 1471 2229 lc-

167 2253 348 2324 gisalia
385 2271 512 2327 pars
559 2257 799 2328 ejusdem
827 2256 958 2326 legis
995 2255 1322 2311 nominatim
1362 2269 1488 2320 non,

167 2332 370 2390 mutabit
389 2375 404 2399 ,
445 2341 551 2390 aut
599 2334 834 2391 minuet:
890 2333 1126 2390 secundo
1175 2335 1292 2388 loco
1334 2331 1473 2386 ratio

167 2409 282 2480 legis
315 2413 652 2469 consulenda
693 2419 786 2468 cst.
799 2469 806 2478 ,
821 2413 904 2468 Ex
945 2411 1048 2468 hac
1089 2410 1352 2482 praecipue
1391 2425 1479 2463 vo-

168 2489 324 2546 luntas
363 2501 416 2547 et
455 2495 735 2548 sententia
778 2490 910 2561 legis
947 2489 1282 2562 perspicitur.
1330 2487 1478 2554 Quin

171 2567 265 2625 imo
299 2569 432 2627 ratio
461 2569 618 2627 nihil
645 2578 753 2636 est,
787 2569 892 2626 nisi
931 2571 1182 2627 voluntas
1221 2566 1377 2639 legia
1415 2567 1483 2623 si-

173 2647 370 2717 quidem
397 2650 544 2705 ratio
573 2657 626 2704 et
651 2665 836 2705 caussa
860 2649 993 2719 legis
1016 2656 1093 2704 cst
1117 2648 1204 2712 id,
1227 2647 1374 2717 quod
1388 2646 1476 2701 lex

171 2724 258 2782 sibi
283 2729 622 2799 propositum
649 2728 870 2791 babuit,
895 2734 958 2783 ut
994 2728 1164 2798 legem
1192 2725 1480 2781 constitue-

173 2812 260 2869 reu
282 2806 362 2872 id,
387 2814 618 2878 propter
642 2806 790 2876 quod
815 2806 904 2861 lex
918 2807 1028 2861 lata
1042 2814 1120 2863 est
1136 2847 1150 2869 ‚
1174 2813 1227 2859 et
1242 2802 1480 2875 sineque

169 2881 260 2939 lata
297 2900 402 2941 non
445 2894 618 2950 essen
657 2884 894 2955 denique
943 2885 1091 2957 quod
1133 2885 1222 2941 lex
1262 2882 1322 2937 in
1360 2883 1481 2953 jure

171 2962 520 3021 constituendo
568 2962 824 3034 consequi
863 2962 1048 3019 voluit.
1087 2964 1230 3032 Ergo
1269 2978 1336 3016 ex
1377 2960 1478 3015 hac

175 3049 493 3111 cognoscetur
519 3041 793 3098 sententia
821 3041 954 3111 legis
977 3042 1255 3112 angustior
1273 3081 1287 3105 ‚
1310 3055 1478 3110 quam

171 3120 333 3184 rerba,
353 3120 398 3176 si
425 3119 622 3192 etipsa
653 3119 791 3175 ratio
817 3120 922 3175 erit
946 3120 1244 3191 angustior.
1268 3120 1352 3175 Ex
1368 3134 1480 3189 quo

173 3203 216 3251 et
239 3205 726 3269 temperamentum
761 3198 918 3269 legis,
958 3198 1044 3254 vel
1079 3200 1258 3269 potius
1295 3196 1482 3253 verbo-

173 3289 276 3331 rum
296 3287 578 3349 sequetur.
603 3278 675 3333 Et
699 3276 758 3332 id
782 3276 859 3333 ita
885 3294 940 3333 se
965 3278 1144 3335 habet.
1185 3276 1251 3333 In
1278 3292 1390 3348 quo
1415 3276 1482 3331 de

174 3368 355 3420 ausa,
381 3364 436 3411 et
465 3356 686 3413 ratione
713 3356 1018 3428 angustiore
1041 3356 1176 3425 legis
1215 3356 1328 3411 haec
1347 3353 1488 3426 juris

175 3445 266 3488 non
287 3433 440 3490 dubii
469 3432 748 3491 sententia
791 3442 893 3491 est:
935 3440 996 3490 ut
1036 3433 1274 3489 maxime
1313 3433 1484 3488 verba

175 3509 284 3581 legis
307 3512 588 3583 generalia
611 3511 750 3579 sint,
777 3518 830 3569 et
869 3515 1044 3570 multo
1085 3515 1246 3585 plura
1286 3512 1482 3567 admit·-

177 3594 300 3654 tant,
324 3607 496 3663 quam
525 3592 666 3647 ratio
696 3591 855 3662 legis:
881 3601 1089 3657 tamen,
1113 3592 1160 3649 si
1187 3592 1326 3648 ratio
1353 3599 1480 3645 nota

179 3674 262 3733 cst,
283 3668 354 3741 (2)
379 3676 626 3727 cessante
651 3668 886 3735 ratione,
910 3680 964 3727 et
988 3688 1171 3727 caussa
1209 3669 1338 3741 legis
1356 3710 1370 3734 ,
1410 3669 1484 3723 le-

178 3745 252 3814 gi,
272 3746 324 3803 id
350 3755 426 3804 est
455 3749 642 3805 verbis
666 3746 826 3819 legis,
853 3752 1034 3807 locum
1063 3766 1172 3806 nou
1213 3764 1344 3810 csse,
1385 3746 1484 3801 sci-

179 3822 284 3881 licet
305 3825 434 3897 quia
463 3828 618 3899 quod
648 3834 802 3883 extra
825 3836 930 3891 est.
947 3827 1002 3882 id
1019 3830 1104 3884 lex
1124 3826 1316 3883 noluit.
1333 3827 1490 3881 Sum-

182 3908 280 3958 tum
301 3904 544 3961 maxime
569 3924 637 3961 cx
667 3906 730 3962 L.
757 3909 898 3977 quod
921 3908 1118 3963 dictum
1133 3948 1148 3969 ,
1178 3906 1248 3963 D.
1271 3908 1334 3961 dc
1351 3912 1488 3971 ,nm-t.

187 3978 234 4035 I.
265 3983 323 4038 de
359 4001 453 4044 eo.
493 3992 550 4040 ct
577 3985 638 4040 L.
675 3988 810 4055 quid
847 3988 1012 4049 cotim,
1050 3999 1154 4055 seq.
1195 3984 1262 4040 D.
1301 3986 1365 4039 dc
1389 3987 1486 4055 ju-

183 4058 262 4115 die.
285 4060 362 4116 Ne
388 4080 476 4118 res
503 4061 768 4134 exemplis
781 4072 958 4135 egeat,
975 4080 1144 4133 pauca
1173 4078 1486 4135 proponam.

191 4135 398 4195 caretur
423 4142 605 4199 edicto
633 4140 900 4199 AEdilium
918 4184 932 4205 ,
959 4151 1021 4197 ut
1045 4140 1144 4214 qui
1187 4140 1486 4212 mancipia,

188 4224 262 4271 aut
279 4216 526 4287 jumenta
554 4219 828 4287 venduut,
857 4222 1042 4277 dicant
1068 4220 1124 4275 in
1163 4237 1220 4276 re
1255 4222 1490 4277 vendeu-

191 4294 424 4367 da,quid
453 4298 664 4363 morbi,
695 4298 876 4356 vitiive
909 4301 996 4355 sit.
1033 4298 1104 4355 Ni
1146 4299 1359 4363 dicant,
1400 4299 1492 4353 du-

195 4376 262 4426 tur
285 4375 338 4431 in
363 4393 454 4431 cos
477 4376 622 4433 actio
647 4378 718 4433 ad
756 4378 1178 4435 redhibendum.
1193 4378 1256 4439 L.
1278 4379 1325 4433 1.
1342 4378 1486 4435 Ede

195 4450 332 4508 w.
361 4458 518 4511 edect-
541 4455 648 4523 Qui
677 4458 941 4513 vendebat
968 4473 1174 4528 equum
1197 4458 1454 4513 claudum
1475 4496 1489 4521 ,

196 4537 270 4587 ant
287 4533 610 4601 eluctatum,
633 4536 704 4593 de
727 4536 829 4593 hoe
853 4537 986 4593 vitio
1012 4534 1154 4593 nihil
1181 4536 1340 4593 dixit.
1365 4536 1484 4591 Pla-

246 4658 310 4730 (2)
341 4656 504 4729 Quod
538 4663 692 4723 ratio,
735 4671 791 4714 et
826 4680 976 4713 mens
1011 4664 1137 4730 legis
1171 4662 1489 4713 attendenda

201 4728 555 4841 Εέἑιὲἰεσέιιαιῃ
583 4730 766 4791 verba,
797 4728 1122 4827 Vifie·P¹.⁰f'⁰⁸
1149 4726 1268 4779 LL.
1302 4728 1367 4777 ad
1395 4730 1490 4817 linc

449 4829 469 4853 .-
503 4808 626 4856 quas
669 4797 930 4849 cumulati.
959 4802 1140 4867 citat,
1171 4802 1228 4847 et
1273 4810 1490 4863 quarum

499 4884 548 4939 T
545 4904 638 4941 om.
675 4886 748 4977 Ι..

1528 689 1759 745 venditae
1784 687 1928 744 nihil
1955 686 2163 759 dictum
2200 697 2307 753 est,
2346 686 2389 742 si
2440 686 2637 742 vitium
2677 693 2754 744 est
2794 688 2851 744 in

1527 774 1741 838 aperto,
1766 774 1821 823 et
1845 783 1941 837 per
1978 781 2034 822 se
2072 766 2199 826 satis
2231 765 2597 843 intelligjtprt·
2624 766 2693 820 Et
2734 767 2855 823 idco

1529 846 1605 902 ait
1651 845 1945 916 Ulpianus,
1986 845 2045 900 in
2073 845 2199 900 ·hac
2232 845 2437 916 specie,
2478 843 2609 914 quia
2635 846 2853 913 ‚rationi

1531 923 1697 980 edicti
1716 924 1887 980 *locus
1922 940 2035 979 non
2069 921 2171 989 fut,
2194 919 2451 982 ‘edietum
2484 937 2703 980 cessare.
2744 923 2861 980 Hoc

1533 1003 1687 1058 enim
1726 1010 1943 1058 tantum
1985 985 2314 1060 insuendam
2355 1013 2493 1066 esse,
2528 1017 2611 1080 vne
2650 1003 2859 1074 emptor

1537 1079 1854 1152 decipiatur.
1890 1082 1945 1138 d.
1985 1079 2049 1136 L.
2087 1079 2138 1136 1.
2176 1081 2237 1154 S.
2272 1082 2319 1134 si
2358 1079 2693 1148 intelliyitur.
2720 1081 2859 1136 Item

1541 1159 1628 1214 lex
1655 1159 1797 1214 AElia
1826 1157 2055 1228 denegat
2076 1157 2165 1228 jus
2192 1165 2505 1228 patronatus
2528 1156 2577 1212 ei
2604 1165 2827 1230 patrono
2844 1200 2859 1222 ‚

1540 1237 1636 1308 qui
1668 1237 1927 1292 libertum
1953 1237 2133 1310 adegit
2144 1236 2505 1309 jurejurando
2524 1251 2619 1298 ,ue
2632 1250 2859 1297 uxorem

1541 1316 1779 1370 duceret.
1816 1315 1876 1370 L.
1914 1317 2010 1386 qui
2045 1323 2259 1380 comm,
2301 1315 2363 1370 L.
2400 1316 2615 1384 adiyere
2633 1355 2647 1378 ,
2690 1313 2757 1371 D.
2794 1317 2859 1372 de

1533 1396 1652 1464 jur.
1666 1399 1817 1463 patr.
1841 1393 2116 1451 Patronus
2132 1393 2312 1462 adegit
2344 1409 2503 1456 eum,
2541 1392 2640 1462 qui
2664 1392 2863 1450 liberos

1539 1473 1729 1530 tollere
1756 1487 1865 1527 non
1892 1476 2123 1542 poterat,
2158 1479 2289 1542 puta
2326 1475 2635 1526 castratum.
2659 1470 2863 1535 Quam-

1541 1550 1650 1615 vi8,
1692 1549 1877 1620 inquit
1918 1549 2152 1612 Paulus,
2200 1549 2355 1604 nulla
2410 1564 2629 1618 persona
2657 1549 2861 1606 'liberti

1541 1631 1658 1700 lcge
1684 1627 2010 1699 excipiatur:
2046 1635 2229 1684 tamen
2269 1625 2565 1682 dicendum
2606 1636 2710 1690 cst,
2754 1645 2861 1682 non

1545 1706 1727 1779 puniri
1755 1715 2041 1777 patronum
2068 1706 2171 1760 hac
2208 1705 2351 1774 lege,
2390 1703 2521 1774 quia
2566 1705 2866 1775 intelligen-

1550 1787 1685 1842 dum
1709 1793 1813 1848 est,
1852 1784 1919 1839 de
1957 1783 2042 1839 his
2082 1785 2253 1854 legem
2294 1783 2523 1844 sentire,
2546 1785 2642 1854 qui
2674 1784 2869 1840 liberes

1553 1865 1740 1920 tollere
1758 1871 1991 1935 possunt.
2010 1864 2071 1919 L.
2086 1864 2323 1931 adigere,
2350 1862 2407 1934 §-
2432 1865 2675 1932 qnwnm's
2690 1903 2705 1924 ,
2726 1865 2788 1917 D.
2800 1867 2865 1918 de

1539 1946 1656 2013 jur.
1686 1951 1835 2012 patr.
1860 1942 2017 2008 Quod
2047 1940 2269 2011 perinde
2293 1948 2395 2003 est,
2435 1956 2497 1996 ac
2532 1939 2575 1994 si
2616 1941 2865 1998 dixisset:

1546 2021 1689 2088 Quia
1706 2021 1843 2076 ratio
1870 2019 2181 2076 inhibendae
2198 2018 2363 2088 hujus
2375 2017 2635 2089 pactionis
2648 2027 2699 2074 ct
2708 2020 2869 2090 juris-

1537 2097 1768 2172 jurandi
1793 2097 1927 2162 fuit,
1964 2115 2033 2153 ue
2068 2097 2168 2152 hoc
2203 2105 2355 2168 pacto
2390 2096 2765 2168 prohiberetur
2803 2099 2869 2154 li-

1551 2180 1735 2234 bertus
1761 2193 1985 2232 uxorem
2012 2177 2233 2240 ducere,
2255 2183 2310 2231 et
2332 2175 2597 2245 suscipere
2629 2172 2867 2233 sobolem

1553 2255 1904 2326 Reipublicae.
1930 2256 2199 2312 Aduersus
2238 2253 2683 2312 hant-..rationem
2726 2256 2869 2312 nihil

1553 2337 1616 2390 tit
1659 2335 1717 2389 in
1757 2340 2011 2396 castrato,
2065 2331 2163 2403 qui
2205 2331 2465 2401 ejusmodi
2514 2333 2870 2404 jurejurando

1555 2412 1829 2484 prohiberi
1858 2428 1969 2466 non
1996 2419 2159 2483 potest
2176 2453 2190 2477 ,
2216 2411 2508 2466 uelim-res
2536 2412 2717 2476 tollat,
2742 2431 2869 2468 cum

1557 2509 1626 2548 ne
1652 2491 1709 2545 id
1738 2490 1927 2555 saciat,
1953 2497 2147 2546 natura
2184 2489 2567 2561 prohibeatur,
2606 2507 2715 2546 non
2760 2493 2871 2548 ulla

1559 2569 1821 2643 pactione.
1844 2569 1959 2635 lta,
1983 2576 2219 2625 cessante
2244 2567 2478 2623 ractionc
2514 2569 2674 2638 legiS,
2713 2577 2875 2627 cessat

1559 2666 1715 2721 poena
1733 2691 1748 2715 ‚
1770 2665 1897 2719 quae
1932 2657 2113 2705 tamen
2140 2647 2319 2703 verbis
2344 2646 2475 2715 legis
2499 2646 2875 2707 inducebatur.

1556 2730 1692 2785 ltem
1743 2726 2198 2783 Senatusconsulti
2234 2725 2503 2795 Vellcjani
2554 2728 2713 2781 verba
2765 2729 2877 2784 esli-

1558 2806 1744 2869 ciunt‚
1778 2822 1847 2861 nc
1888 2806 1997 2859 ulla
2042 2804 2265 2861 soemina
2304 2810 2579 2867 teneatur,
2618 2820 2758 2877 quae,
2781 2824 2877 2875 pro

1559 2884 1683 2941 aliis
1722 2881 2051 2949 intercessit,
2091 2883 2151 2938 L.
2201 2884 2255 2938 2.
2304 2882 2375 2938 D.
2412 2885 2485 2937 ad
2538 2886 2598 2939 S.
2638 2885 2697 2939 G.
2750 2884 2879 2941 Veu.

1557 2964 1738 3019 Placet
1778 2968 1991 3026 tamen,
2040 2962 2509 3017 Senatusconsulto
2551 2978 2662 3015 nou
2702 2961 2877 3028 iux-‘ari

1555 3059 1676 3098 cam
1696 3057 1847 3112 ,quae
1870 3040 2192 3097 creditorem
2219 3039 2425 3109 decepit
2440 3079 2455 3101 ‚
2480 3041 2619 3095 sorte
2642 3041 2879 3107 mentita,

1555 3138 1717 3179 suum
1744 3118 2019 3189 negotium
2056 3135 2196 3197 ense,
2220 3118 2370 3189 quod
2412 3118 2517 3175 fuit
2540 3116 2653 3187 ejus
2680 3156 2695 3177 .
2730 3118 2884 3189 cujus

1557 3199 1782 3255 nomine
1806 3214 1859 3253 se
1884 3197 2177 3267 obligabat.
2200 3198 2254 3251 d.
2297 3196 2355 3251 L.
2392 3196 2447 3253 2.
2472 3198 2531 3269 g.
2558 3198 2611 3251 3.
2639 3198 2713 3249 cul
2736 3197 2796 3253 S.
2822 3200 2880 3255 C.

1569 3278 1705 3337 Vclc.
1742 3277 1949 3346 Nempe
1974 3274 2105 3345 quia
2140 3281 2327 3331 contra
2368 3274 2721 3339 sententiam,
2759 3292 2883 3345 quae

1561 3357 1632 3412 ad
1660 3354 1987 3426 decipientes
2012 3369 2117 3407 uon
2148 3352 2397 3424 pertinet.
2418 3352 2487 3409 Et
2514 3354 2771 3411 sententia
2802 3354 2883 3409 in-

1557 3434 1769 3491 tellecta
1795 3450 1863 3487 ex
1890 3432 2097 3487 ratione
2138 3432 2627 3497 senatusconsulti,
2669 3440 2725 3489 ut
2769 3432 2883 3488 illic

1557 3512 1835 3569 indicatur
1851 3552 1864 3575 ,
1890 3511 2021 3581 quia
2050 3511 2581 3569 Senatusconsultum
2608 3527 2761 3580 opem
2800 3518 2885 3567 tu-

1558 3591 1625 3647 lit
1653 3590 1977 3647 mulieribus
2004 3597 2218 3662 propter
2244 3605 2399 3645 sexus
2430 3589 2885 3655 imbecillitatem,

1559 3668 2031 3726 evintirmitatem.
2058 3670 2179 3724 Non
2208 3677 2389 3739 peccat
2414 3668 2746 3728 infirmitate.
2762 3686 2887 3740 quae

1561 3747 1791 3813 decidit,
1815 3748 1905 3803 sed
1944 3746 2169 3803 malitia.
2208 3746 2531 3817 lustremus,
2573 3747 2753 3817 inquit
2796 3747 2887 3802 Ul-

1567 3826 1795 3899 pianuS,
1832 3843 1940 3882 non
1977 3827 2249 3883 calliditas
2290 3829 2562 3882 aua-ilium
2602 3829 2794 3881 mcrm'c
2819 3828 2889 3881 E-

1575 3907 1793 3977 xempla
1818 3922 1887 3959 ex
1912 3905 1965 3959 d.
1990 3904 2052 3961 L.
2083 3914 2332 3979 pactum,
2369 3908 2432 3961 cte
2468 3912 2607 3977 pact.
2644 3911 2694 3958 ct
2732 3907 2783 3959 cl.
2828 3905 2887 3959 L.

1563 3987 1629 4041 de
1669 4001 1757 4049 eo,
1794 3990 1845 4039 ct
1884 3998 1988 4055 seq.
2028 3986 2092 4040 de
2122 3987 2293 4055 judic.
2323 3993 2449 4039 nota
2487 3992 2645 4045 sunt,
2684 3990 2736 4037 ct
2776 3998 2890 4053 pas-

1563 4064 1669 4119 sim
1706 4064 1815 4119 alia
1842 4062 1901 4119 in
1929 4061 2169 4133 legibus,
2194 4070 2247 4117 ct
2272 4062 2463 4117 edictis
2485 4070 2777 4133 praetorum
2805 4079 2891 4117 oc-

1563 4150 1805 4201 current.

1644 4222 1717 4277 X.
1740 4222 1826 4277 Ex
1852 4220 1953 4275 hoc
1978 4234 2171 4290 genere
2196 4208 2295 4275 illa
2318 4218 2563 4288 specialis
2585 4218 2767 4289 regula
2798 4236 2894 4273 na-

1569 4308 1626 4356 ta
1650 4306 1757 4355 est:
1788 4300 1944 4368 Quod
1965 4300 2153 4372 facore
2170 4337 2183 4361 ,
2208 4314 2301 4353 seu
2330 4296 2387 4351 in
2415 4298 2647 4367 gratiam
2686 4298 2894 4368 aliquo-

1565 4395 1688 4435 rum
1738 4378 2119 4435 inctroductum
2159 4384 2233 4433 est
2250 4416 2264 4439 ,
2303 4392 2410 4431 mm
2459 4377 2605 4431 debet
2654 4390 2893 4445 unqua-m

1563 4462 1751 4513 contra
1800 4458 2039 4525 ipsorum
2077 4453 2402 4509 commodum
2444 4455 2708 4524 produci,
2760 4453 2893 4511 idest

1561 4550 1851 4606 nunquam
1878 4534 1955 4591 ita
1980 4534 2181 4604 accipi,
2208 4541 2267 4589 ut
2304 4531 2402 4605 ipsi
2432 4540 2634 4589 noceat.
2664 4534 2723 4587 L.
2748 4538 2895 4603 ᾳῑιωι

1569 4661 1731 4713 verba
1766 4662 1934 4715 refert
1971 4658 2265 4725 'rii-aquen.
2291 4658 2369 4711 ad
2405 4660 2467 4711 I..
2500 4656 2553 4708 8.
2592 4660 2650 4706 C.
2686 4658 2754 4708 de
2782 4678 2895 4709 rcu-

1571 4729 1707 4780 clon.
1740 4726 1890 4777 verb.
1947 4728 2217 4789 Libertis,
2276 4746 2331 4775 η.
2366 4723 2451 4795 47.
2500 4732 2555 4777 et
2592 4730 2767 4775 tentus
2819 4724 2901 4787 ju·

1575 4793 1648 4845 ris
1680 4791 1940 4849 canonici
1975 4792 2110 4849 ibid·
2146 4814 2202 4847 n.
2236 4789 2320 4856 48.
2350 4830 2356 4852 .

2553 4888 2587 4941 5
