3327 5214
1192 0 1202 10 .
1234 0 1319 37 Ἴ.--
1372 2 1401 7 -

172 198 272 258 209

889 196 990 253 DE
1023 192 1216 251 JURE·
1241 195 1466 251 clvlu
1513 195 1642 253 un.
1682 197 1752 251 Π.
1790 195 1941 253 mv.
1982 198 2077 254 w.

1568 0 1582 8 “
1614 2 1623 5 ”
1677 0 1712 18 Υ
1733 2 1748 5 ”
1891 0 1902 7 “
1919 2 1945 39 ζ.
1983 2 2028 5 “”“
2153 2 2164 4 “
2269 2 2280 4 ’“
2331 2 2358 5 —
2375 2 2488 6 '*—-
2546 0 2559 8 “
2585 0 2618 7 “”
2661 2 2672 5 “

2628 223 2635 235 ·
2726 202 2841 260 ’.νο

173 310 238 359 est
259 300 660 371 Dehquamum
699 297 796 355 ille
830 300 958 370 jum
994 316 1092 357 suo
1129 316 1290 357 suum
1329 316 1441 355 esse
1517 312 1570 358 et
1585 302 2069 372 magnilicientiura
2100 302 2158 359 in
2181 320 2305 359 eam
2329 305 2651 361 sententiam
2686 306 2853 362 Psal-

175 382 296 444 rult,
325 387 696 449 quantumque
735 394 766 433 a
807 378 966 436 nobis
1004 394 1102 450 pro
1139 394 1238 443 eo,
1277 384 1442 449 atque
1519 397 1606 434 mo
1632 382 1687 436 8.
1717 378 1869 437 Idem
1900 382 1989 439 Px.
2034 380 2161 439 115.
2202 383 2331 439 emti
2358 391 2479 439 sam
2518 386 2634 438 eceli
2664 384 2848 442 Domi-

171 459 239 515 illi
259 458 532 521 debemus,
550 455 844 527 justissime
868 456 1068 527 exigit,
1090 457 1192 529 qui
1211 455 1444 529 jubendi
1522 461 1612 523 ni,
1649 467 1929 529 temque,
1964 474 2128 531 quam
2178 462 2321 517 flectit
2370 462 2504 531 liliis
2552 463 2850 520 hominum.

169 537 241 609 ius
261 537 406 593 habet
425 536 588 593 solus.
613 536 970 591 Voluntatem
997 541 1176 592 autem
1205 551 1358 593 suam
1389 534 1446 589 in

171 616 308 671 verbo
334 630 430 673 suo
467 613 734 686 patefecit.
777 612 962 679 Fidae,
1003 613 1184 686 inquit
1221 614 1450 685 Aposto-

167 694 256 757 lus,
275 710 338 751 σε
371 693 564 751 maim
581 733 598 756 ‚
635 694 854 749 auditus
891 701 1068 749 autem
1093 708 1198 765 per
1234 694 1451 749 verbum

167 771 264 828 Dei.
288 772 432 829 Rom.
465 772 558 829 10.

229 851 312 907 ΙΙΙ.
331 852 490 919 Quod
515 848 614 907 etsi
643 848 718 905 ita
743 856 852 912 est,
875 856 1058 907 tamen
1075 850 1234 922 ,quia
1261 844 1448 905 mul'tae

161 928 422 986 mitenmt
455 927 774 999 Principum
797 926 1232 987 Christianorum
1257 929 1453 985 consti-

161 1006 366 1065 tutiones
393 1006 560 1079 huius
579 997 722 1077 juris
735 1006 926 1063 tuendi
939 1020 1126 1065 caussa
1143 1023 1293 1079 ,quae
1309 1006 1452 1064 hanc

159 1094 336 1157 partem
363 1086 430 1143 in
453 1084 654 1143 Codice
686 1092 1050 1156 occuparunt:
1092 1088 1177 1142 vel
1221 1086 1321 1141 boe
1359 1104 1458 1143 no-

159 1165 284 1222 mine
307 1166 448 1222 utile
473 1175 554 1221 est
579 1162 802 1220 brevem
843 1164 1086 1234 aliquam
1126 1159 1460 1237 hujusjuris

157 1259 405 1301 mmmam
430 1242 732 1315 expositam
759 1240 958 1298 habere
976 1284 990 1307 ‚
1012 1260 1082 1301 ex
1105 1259 1217 1315 qua
1248 1241 1460 1299 intelli-

157 1330 319 1391 gatur,
357 1339 532 1396 quam
574 1323 644 1379 ad
685 1324 892 1392 partem
931 1319 1046 1391 ejus
1066 1320 1207 1393 juris
1231 1337 1306 1377 eoe
1331 1339 1460 1378 con-

153 1401 448 1459 stitutiones
481 1400 812 1465 referantur,
837 1405 893 1456 et
917 1406 1188 1472 quantum
1229 1398 1462 1471 singulis

155 1480 300 1537 tribui
325 1482 552 1537 debeat.
561 1479 912 1549 Quamquam
931 1484 986 1535 et
1001 1495 1098 1551 per
1120 1496 1175 1535 se
1199 1480 1466 1536 conducet

153 1556 276 1614 banc
299 1564 518 1631 partem
543 1564 728 1615 notam
755 1574 867 1615 &e
881 1600 896 1623 ,
910 1558 1076 1629 neius
1092 1556 1466 1621 tractantibus,

151 1637 252 1709 eius
283 1637 458 1711 juris,
499 1638 650 1709 quod
701 1636 1049 1708 profitemur,
1104 1652 1228 1709 pars
1276 1634 1462 1706 aliqua

155 1714 436 1784 ignoretur.
461 1716 612 1773 Illud
637 1714 864 1787 quidem
891 1713 1174 1772 fatendum
1189 1714 1327 1779 erit,
1351 1728 1460 1785 qua

155 1792 350 1866 hocius
374 1812 418 1851 a·
440 1795 556 1850 Deo
579 1798 688 1859 eut,
714 1810 826 1849 non
851 1810 963 1851 esse
987 1792 1184 1864 civile3
1214 1809 1324 1849 non
1351 1809 1465 1847 ma-

151 1871 248 1941 gis,
269 1890 444 1945 quam
469 1871 636 1929 civile
651 1912 666 1936 ,
689 1872 838 1943 quod
865 1877 946 1929 oet
971 1878 1202 1937 naturae,
1229 1878 1325 1927 aut
1337 1886 1468 1940 gen-

153 1947 302 2007 tium:
339 1950 800 2025 quandoquidem
843 1949 898 2005 id
941 1954 1116 2009 solum
1153 1955 1234 2007 est
1270 1948 1468 2011 civile,

153 2033 278 2099 quod
301 2030 508 2088 civitas
547 2029 737 2099 aliqua
776 2027 881 2085 sibi
921 2028 1217 2086 constituit.
1256 2029 1318 2084 L.
1357 2044 1469 2083 om-

155 2110 343 2173 md).
367 2112 592 2181 ἀῆναι.
616 2116 666 2163 ot
681 2112 814 2178 jur:
829 2108 889 2179 3,
919 2107 971 2164 1.
994 2106 1124 2165 Imt.
1147 2107 1466 2178 dejurmat.

31 2241 33 2250 .
151 2184 244 2242 Sed
281 2189 420 2260 quis
460 2193 518 2243 et
557 2188 660 2243 boc
700 2186 880 2257 ipsum
915 2187 1004 2258 jus
1051 2185 1214 2243 editis
1263 2182 1466 2241 consti-

155 2264 450 2324 tuitionibus
489 2271 798 2337 receptum,
836 2270 892 2320 et
927 2264 1198 2321 sancitum
1221 2269 1318 2329 est,
1341 2278 1464 2333 quae

31 2317 34 2352 ἒ
151 2350 200 2399 et
235 2353 444 2416 partem
485 2344 652 2417 hujus
673 2342 814 2415 juris
837 2341 1118 2400 obtinent:
1157 2359 1268 2398 non
1319 2343 1466 2399 male

29 4316 43 4361 l

153 2422 354 2480 dicatur
377 2424 656 2489 fortassee,
682 2428 738 2478 et
763 2422 862 2479 boc
888 2420 1062 2494 ipsum
1090 2423 1178 2495 jus
1203 2423 1467 2493 approba-

156 2499 290 2559 tione
309 2502 476 2571 civile
504 2501 709 2559 factum
744 2516 883 2565 oese,
923 2500 1022 2559 etsi
1063 2498 1302 2557 maxime
1339 2515 1464 2555 vera

153 2580 264 2650 eius
300 2581 546 2654 cognitio
571 2579 646 2655 (1)
687 2595 756 2637 ea:
793 2583 1070 2650 scripturis
1107 2580 1334 2651 petenda
1374 2584 1468 2636 est.

155 2657 284 2717 Nam
324 2667 380 2718 et
419 2660 500 2719 sic
525 2666 790 2733 praecepta
815 2657 1090 2716 naturalia
1115 2665 1170 2716 et
1195 2659 1466 2729 gentium,

151 2752 216 2792 ex
250 2739 460 2811 quibus
487 2740 578 2811 ius
601 2737 768 2794 civile
795 2755 860 2794 ex
885 2743 1034 2810 parte
1059 2740 1344 2794 collectum
1371 2747 1467 2802 est,

155 2817 286 2886 juris
331 2819 518 2876 civilis
556 2816 758 2889 privati
799 2824 1008 2888 partem
1049 2834 1178 2880 esse,
1218 2816 1470 2878 dicimus,

153 2896 278 2966 quia
301 2899 392 2972 jus
427 2896 594 2954 civile
631 2911 698 2950 ea
737 2895 1014 2967 probavit,
1053 2895 1336 2970 probando
1374 2911 1472 2952 sua

157 2974 293 3032 tecit.

231 3054 328 3110 lv,
363 3053 552 3110 Verbo
575 3050 677 3110 Dei
703 3051 986 3116 docemur,
1009 3056 1072 3108 ut
1111 3051 1172 3108 in
1205 3050 1329 3122 jure
1364 3050 1473 3123 pri-

159 3137 402 3188 vatorum
429 3132 612 3188 evenit
649 3131 760 3205 (de
781 3147 892 3202 quo
917 3129 1236 3202 diligentius
1271 3146 1370 3188 suo
1397 3131 1475 3186 lo-

161 3227 222 3265 eo
247 3211 292 3284 ),
315 3211 394 3269 sic
422 3210 480 3267 in
512 3209 611 3274 iis,
631 3225 759 3281 quie
795 3208 898 3266 Dei
929 3225 1040 3266 esse
1065 3208 1332 3273 dicimus,
1371 3210 1474 3264 boc

159 3289 460 3352 observari,
505 3297 564 3346 ut
600 3287 854 3361 quiedam
895 3287 1110 3358 proprie
1142 3287 1254 3346 sint
1289 3286 1346 3342 in
1375 3285 1472 3341 Dei

163 3367 420 3428 dominio,
445 3375 502 3426 et
527 3371 814 3440 potentatu
839 3365 1092 3439 quedam
1121 3365 1210 3422 illi
1233 3365 1474 3423 debean-

165 3450 271 3501 tur.

241 3527 299 3581 V.
338 3527 396 3584 Si
440 3527 512 3584 de
545 3527 668 3599 jure
715 3520 985 3586 dominii,
1033 3526 1088 3578 et
1136 3519 1477 3594 proprietatis

163 3604 448 3672 quatiunt,
487 3603 670 3662 omnia
695 3605 822 3664 sunt
846 3599 965 3657 Dei.
992 3599 1208 3656 Domini
1231 3609 1306 3658 est
1329 3608 1476 3656 ter-rc

171 3689 218 3734 a
245 3686 372 3752 quod
395 3686 582 3754 implet
601 3697 755 3740 eam:
769 3681 910 3738 orbis
939 3677 1246 3735 habitabilis
1260 3721 1276 3746 ,
1299 3689 1352 3735 et
1374 3681 1471 3734 ha-

173 3757 374 3819 bitantes
395 3766 456 3817 in
483 3779 560 3818 eo.
585 3759 728 3818 Psal.
752 3759 846 3814 28.
872 3760 1009 3816 Item
1035 3756 1176 3814 Psal.
1205 3758 1330 3814 115.
1357 3759 1472 3814 (⁷oe-

175 3837 374 3899 ‘imm
395 3843 513 3896 coeli
537 3840 756 3896 Domini
779 3845 1044 3910 terraque.
1075 3835 1232 3892 Deut-
1264 3837 1350 3894 10.
1384 3835 1472 3892 En

181 3911 371 3975 Βοπιὺιι·
395 3920 498 3976 Dei
519 3922 600 3974 tui
622 3923 746 3974 sunt
766 3917 882 3972 coeli
896 3957 910 3982 ,
936 3917 1116 3972 etcoeli
1137 3917 1401 3976 colorum,
1423 3921 1474 3970 οι

181 3997 792 4070 teri-affirmandam
829 3997 998 4051 inea.
1033 3993 1126 4050 Sic
1151 3999 1332 4050 tamen
1373 3993 1473 4050 Dei

185 4077 368 4132 omnia:
393 4083 455 4134 ut
478 4073 664 4134 omnia
691 4075 808 4133 haee
845 4071 1194 4146 aspectabilia
1235 4071 1476 4129 bominis

185 4163 339 4210 wissa
363 4153 696 4218 condiderit,
721 4152 882 4226 eique
905 4159 1106 4208 terram
1132 4150 1275 4206 banc
1289 4150 1474 4208 fruen-

194 4226 539 4306 &mldederiu
580 4229 840 4295 Posuisti,
875 4231 954 4287 eit
991 4229 1140 4286 idem
1175 4231 1438 4302 propheta
1457 4271 1472 4294 ,

195 4313 338 4366 tutia
370 4315 468 4370 aab
500 4311 722 4384 padam
758 4314 892 4384 ejus.
916 4309 986 4368 Et
1011 4325 1136 4382 quae
1159 4313 1287 4366 sunt
1313 4309 1470 4386 plura

247 4512 308 4578 (ι)
323 4509 466 4565 luris
495 4508 669 4564 divini
703 4509 936 4587 cognitio
966 4527 1074 4562 non
1097 4511 1264 4562 solum
1291 4511 1473 4576 peten-

203 4569 344 4628 ’Ῐᾶαῑ
387 4595 414 4626 a
462 4581 626 4632 verbo
679 4573 781 4628 Det
816 4575 1055 4642 scriptu,
1095 4579 1186 4628 sed
1239 4578 1397 4628 etiam
1443 4593 1470 4624 a

203 4641 330 4692 verbo
362 4643 460 4697 Dei
494 4645 692 4700 tradito
713 4683 730 4708 ,
765 4645 877 4696 sive
910 4658 1014 4692 non
1047 4642 1215 4694 solum
1250 4661 1278 4693 a
1325 4639 1472 4694 Scri-

207 4707 336 4820 ἒζτίε
361 4749 374 4770 ,
403 4727 576 4764 verum
619 4715 786 4766 etiam
829 4729 858 4759 a
902 4705 1296 4762 traditionibus.
1338 4705 1470 4759 vid.

293 4808 305 4820 -
346 4773 640 4828 Bellen-min.
695 4785 917 4850 Dmpnt.
975 4777 1044 4828 de
1115 4783 1466 4830 Controvers-

410 4875 542 4930 Tom.
578 4875 616 4929 1.

1527 538 1631 593 Sed
1688 536 2045 593 habitandam
2067 581 2080 604 ‚
2138 539 2363 609 inquam
2386 580 2399 603 ,
2450 544 2504 595 et
2554 539 2848 597 {ruendam

1527 616 1715 679 dedit,
1738 615 1903 687 idque
1931 618 2177 673 beneficii
2208 620 2341 682 loco,
2366 618 2636 689 quamdiu
2677 617 2775 689 ipsi
2789 638 2847 677 ns

1532 694 1685 749 bonae
1724 696 1987 751 voluntati
2028 696 2203 751 visum
2250 697 2440 753 fuerit:
2483 694 2848 755 nihilominus

1530 780 1587 828 ut
1617 774 1777 843 pleno
1790 776 1909 845 jure
1935 774 2189 829 dominus
2218 777 2363 833 idem
2394 780 2641 839 maneat,
2666 778 2767 847 qui
2796 784 2849 832 et

1529 850 1678 921 prius
1704 850 1907 919 fuerat;
1934 858 1993 906 ut
2019 862 2121 909 stet
2158 853 2325 917 illud,
2362 854 2509 925 quod
2552 862 2675 909 ante
2711 855 2852 911 dixi-

1531 946 1679 995 mus,
1706 935 1905 987 terram
1937 945 2153 1003 quoque
2182 931 2401 1005 Domini
2429 950 2539 987 esse
2559 971 2573 995 ,
2598 949 2696 989 nec
2738 944 2854 989 tan-

1535 1014 1650 1063 tum
1696 1014 1925 1073 terram,
1962 1012 2054 1067 sed
2096 1010 2343 1067 homines
2370 1010 2507 1081 ipsos
2532 1011 2696 1066 etiam
2737 1028 2854 1067 om-

1536 1102 1630 1143 nes
1647 1128 1662 1155 ,
1687 1086 1784 1157 qui
1814 1087 2067 1143 habitant
2094 1088 2153 1143 in
2183 1090 2282 1145 hoc
2306 1088 2453 1145 orbe.
2481 1089 2637 1145 Unde
2663 1094 2715 1145 et
2729 1089 2853 1160 jure

1537 1180 1632 1221 sno
1659 1166 1891 1235 largitur
1931 1166 2104 1230 bona,
2140 1167 2345 1238 quibus
2373 1168 2525 1233 vult,
2565 1174 2617 1223 et
2658 1167 2854 1224 adimit

1537 1244 1699 1309 data,
1747 1260 1874 1300 cum
1918 1244 2147 1301 videtur.
2186 1245 2335 1311 Quin
2377 1246 2543 1301 etiam
2591 1256 2645 1302 et
2685 1246 2854 1303 vitam

1541 1320 1739 1392 ipsam,
1756 1338 1881 1377 cum
1908 1324 2083 1380 visum
2110 1324 2299 1387 est;ad
2317 1324 2593 1397 serecipit,
2616 1325 2713 1397 qui
2734 1342 2856 1383 usu-
2935 1388 2948 1396 ,

1542 1417 1658 1456 ram
1688 1406 1902 1457 tantum
1930 1403 2167 1463 dederat.

1621 1480 1721 1535 vl.
1746 1479 1851 1537 Sed
1878 1495 1987 1534 non
2013 1496 2075 1535 eo
2098 1487 2297 1551 spectat
2326 1480 2437 1536 haec
2468 1481 2723 1551 cognitio,
2746 1497 2856 1553 quo

1543 1572 1727 1613 rerum
1744 1558 2128 1615 humanarum.
2144 1559 2205 1613 In
2227 1558 2387 1615 rebus
2403 1558 2707 1624 hominum,
2730 1576 2857 1617 cum

1543 1635 1895 1701 describitur,
1921 1637 2060 1709 quid
2086 1636 2345 1709 cujusque
2370 1636 2468 1700 sit,
2504 1654 2564 1693 eo
2604 1640 2859 1709 pertinet,

1542 1721 1604 1770 ut
1629 1716 1779 1785 quod
1819 1716 2087 1787 cujusque.
2104 1730 2213 1770 esse
2240 1715 2576 1781 noverimus,
2604 1716 2661 1773 id
2687 1717 2735 1773 ci
2768 1717 2860 1772 tri-

1545 1792 1792 1849 buamus,
1842 1793 1965 1850 Non
2003 1795 2070 1849 ad
2116 1794 2263 1849 bunc
2320 1794 2545 1849 modum
2598 1794 2861 1857 dicimus,

1542 1870 1727 1927 omnia
1757 1871 1856 1928 Dei
1881 1888 2007 1929 esse.
2032 1871 2185 1928 Nihil
2214 1888 2279 1929 ex
2318 1874 2479 1928 rebus
2516 1874 2713 1931 creatis
2750 1876 2863 1929 exi-

1544 1949 1622 2020 git
1647 1965 1679 2005 a
1706 1950 1894 2015 nobis»,
1918 1950 2065 2023 quod
2096 1958 2370 2021 praestetur
2410 1950 2543 2015 sibi,
2582 1962 2677 2009 aut
2713 1954 2862 2009 resti-

1547 2035 1762 2091 tuatur,
1788 2029 2000 2085 duabus
2025 2029 2091 2084 de
2115 2028 2313 2084 caussis
2329 2070 2343 2091 ,
2368 2046 2489 2102 quae
2516 2037 2862 2103 exponuntur

1545 2105 1636 2161 Ρε.
1657 2106 1751 2163 50.
1776 2107 2017 2178 primum
2046 2108 2174 2179 quia
2202 2106 2288 2163 his
2312 2110 2472 2165 rebus
2498 2126 2613 2163 non
2640 2110 2864 2181 indiget,

1543 2181 1652 2255 ipse
1678 2184 1783 2241 sibi
1802 2185 2052 2253 αὑτὰρκης
2070 2205 2084 2240 z
2101 2185 2297 2242 deinde
2320 2187 2450 2257 quia
2466 2226 2481 2250 ,
2504 2186 2552 2241 si
2582 2186 2866 2259 indigeret,

1541 2279 1652 2319 non
1671 2263 1965 2333 requireret
1990 2281 2021 2319 a
2050 2264 2231 2329 nobis,
2260 2272 2317 2321 ut
2346 2264 2501 2335 cujus
2524 2264 2639 2323 sint
2664 2264 2721 2323 in
2750 2283 2863 2321 ma-

1543 2357 1640 2405 nu,
1666 2348 1719 2397 et
1745 2344 1991 2412 praesenti
2008 2349 2278 2414 potestate.
2292 2343 2563 2410 Quorsum
2596 2360 2722 2414 ergo
2750 2344 2865 2403 haec

1543 2418 1826 2490 cognitio?
1852 2419 2099 2478 Primum
2140 2428 2199 2476 ut
2222 2420 2490 2477 discamus
2516 2423 2589 2479 ab
2626 2438 2687 2477 eo
2726 2434 2869 2495 pete-

1543 2514 1630 2563 re,
1659 2514 1782 2569 quae
1808 2499 2015 2558 faciunt
2049 2501 2120 2557 ad
2160 2499 2523 2563 necessitates,
2552 2510 2603 2557 et
2630 2517 2867 2559 commo-

1545 2575 1739 2636 ditates
1766 2579 1887 2636 vitae
1906 2582 2209 2652 praesentis,
2234 2587 2295 2636 ut
2318 2579 2563 2656 Christus
2588 2579 2731 2640 inter
2769 2598 2867 2638 οω-

1545 2665 1656 2714 tera
1686 2673 1783 2714 nos
1798 2674 1950 2716 orare
1984 2660 2197 2725 docuit3
2224 2657 2425 2725 scilicet
2464 2660 2597 2730 quia
2634 2662 2753 2734 ejus
2788 2668 2867 2716 est

1545 2753 1608 2816 ea
1634 2735 1859 2808 largiri,
1885 2754 2012 2793 cum
2038 2739 2149 2796 sint
2172 2737 2301 2809 ejus.
2326 2738 2474 2793 Tum
2500 2747 2561 2795 ut
2600 2740 2868 2796 consecuti

1547 2815 1818 2870 diseamus
1842 2818 1891 2873 ei
1923 2817 2183 2874 honorem
2211 2817 2438 2882 habere,
2467 2816 2626 2888 eique
2670 2820 2871 2888 gratias

1548 2909 1706 2963 agere
1720 2936 1735 2960 ‚
1753 2910 1785 2947 a
1812 2908 1923 2964 quo
1950 2896 2273 2968 accepimus,
2286 2904 2348 2951 ut
2364 2896 2669 2968 praecipitur
2682 2897 2869 2957 wdem

1550 2973 1646 3029 illo
1680 2973 1771 3030 Ρε.
1800 2972 1895 3030 50.

1627 3051 1753 3108 vu.
1778 3050 2007 3124 Propius
2045 3053 2117 3108 ad
2152 3069 2251 3110 nos
2272 3053 2577 3126 pertinent,
2598 3069 2723 3125 quae
2766 3069 2869 3108 nos

1553 3129 1662 3184 Deo
1689 3131 1967 3188 debemus.
1996 3131 2105 3188 Deo
2129 3149 2162 3188 a
2192 3132 2351 3189 nobis
2374 3131 2643 3188 debentur
2666 3131 2869 3194 omnia.

1547 3208 1590 3263 si
1621 3223 1721 3264 nos
1748 3209 1887 3280 ipsos
1910 3217 2227 3280 spectamus,
2241 3225 2339 3281 pro
2363 3206 2648 3266 immensis
2662 3251 2677 3276 ,
2700 3216 2753 3268 et
2767 3210 2870 3270 im·

1549 3286 1875 3344 mortalibus
1916 3287 2035 3360 ejus
2082 3285 2391 3352 beneficiiS,
2426 3301 2548 3358 quae
2590 3289 2665 3344 ab
2686 3289 2870 3360 ,ipsius

1549 3363 1885 3434 benignitate
1926 3365 2171 3435 quotidie
2208 3365 2521 3438 accipimus.
2561 3369 2635 3422 At
2677 3385 2783 3426 non
2814 3389 2873 3426 o·-

1551 3442 1703 3498 mnia
1735 3449 1863 3498 sunt
1890 3441 2193 3514 ejusmodi,
2217 3459 2341 3514 quae
2370 3443 2453 3503 illi
2498 3455 2741 3517 praestare
2780 3449 2870 3506 dc-

1554 3521 1811 3578 beamus:
1854 3523 1946 3578 sed
1971 3529 2187 3580 tantum
2214 3538 2338 3593 quae
2363 3531 2487 3580 sunt
2514 3526 2599 3582 illi
2638 3537 2867 3599 accepta.

1553 3598 1617 3655 ld
1657 3616 1782 3656 vero
1811 3604 2027 3656 tanturn
2054 3609 2163 3666 est,
2188 3607 2459 3674 quantum
2493 3619 2525 3658 a
2564 3603 2721 3660 nobis
2760 3607 2875 3662 exi·

1545 3679 1646 3752 git:
1669 3685 1878 3743 crotera,
1892 3678 1991 3735 etsi
2015 3678 2219 3750 optima
2244 3679 2403 3738 nobis
2430 3681 2730 3742 videantur.
2760 3703 2865 3742 non

1549 3759 1709 3814 modo
1750 3756 1833 3812 illi
1860 3769 2010 3828 grata
2038 3774 2149 3814 non
2172 3765 2326 3822 sunt,
2353 3761 2445 3816 sed
2472 3761 2637 3816 etiam
2666 3761 2834 3819 invisa
2858 3806 2873 3829 ,

1547 3845 1600 3894 et
1625 3851 1812 3902 exosa,
1836 3835 1935 3908 qui
1974 3837 2297 3910 obsequium
2339 3838 2568 3910 requirit
2605 3857 2635 3894 a
2682 3842 2867 3905 nobis..

1551 3932 1660 3972 non
1692 3915 2034 3971 sacrificium.
2067 3916 2114 3971 1.
2142 3915 2290 3974 Sam.
2320 3915 2407 3972 15.

1628 3995 1793 4055 vm..
1823 3994 2011 4065 Exigit
2050 4005 2231 4052 autem
2273 3995 2331 4052 in
2386 4011 2603 4054 summa
2639 4011 2670 4050 a
2714 3997 2871 4052 uobis

1553 4073 1665 4128 haee
1689 4073 1825 4138 duo,
1853 4089 2035 4129 veram
2058 4073 2143 4129 sui
2170 4072 2529 4144 cognitionem
2548 4115 2564 4136 ,
2588 4081 2641 4128 et
2668 4075 2865 4144 cogniti

1549 4151 1915 4217 dilectionem,
1938 4163 2101 4223 atque
2122 4152 2351 4208 cultum.
2378 4152 2444 4206 In
2474 4150 2665 4222 primis
2688 4154 2872 4222 cogni-

1545 4231 1763 4306 tionem·
1781 4231 1887 4296 sui,
1908 4229 2039 4302 quia
2066 4229 2310 4300 ignotum
2329 4271 2344 4293 ,
2384 4238 2444 4286 ut
2478 4225 2718 4302 oportet,
2744 4231 2873 4286 dili-

1547 4327 1671 4383 gere
1689 4349 1704 4374 ,
1729 4317 1793 4366 a'c
1824 4307 2053 4365 revereri
2080 4325 2191 4366 non
2219 4325 2517 4382 possumus.
2555 4309 2870 4368 Est‘autem

1551 4497 1857 4584 Clarisqfun.
1899 4505 2024 4562 Fid.
2054 4511 2205 4562 Tum.
2245 4510 2293 4562 I·
2324 4494 2583 4560 Coratfiov.
2607 4511 2867 4562 Gener-nl.

1553 4579 1601 4629 Ῑ.
1625 4577 1693 4628 de
1735 4577 1909 4628 Verbo
1944 4577 2085 4636 Dei,
2121 4570 2235 4625 Lib.
2274 4577 2375 4626 IV.
2410 4583 2463 4625 et
2494 4573 2669 4624 virum
2699 4575 2784 4626 Cl.
2810 4573 2873 4628 Ῑῖο

1553 4639 1809 4692 Laut-ent.
1846 4638 1989 4691 Bert.
2013 4641 2263 4704 collegam
2288 4658 2460 4694 meum
2484 4640 2871 4706 doctissimum,

1551 4719 1604 4764 et
1643 4707 2069 4759 humanissimum
2104 4702 2172 4756 de
2214 4711 2530 4780 'l‘lzeologic-
2568 4711 2867 4778 Diseipiui,

1546 4775 1661 4828 Lib·
1702 4777 1925 4830 XXIII·
1960 4779 2095 4844 Cup-
2128 4772 2179 4824 5·
2212 4775 2263 4825 6.

2420 4866 2482 4925 8·
