3327 5214
1598 0 1762 13 —v-·‹
1891 1 1904 4 -
2007 0 2038 7 v

201 253 282 312 σου
851 246 948 308 ns
984 249 1167 308 mas
1205 230 1427 308 ci'vm
1464 249 1599 310 Lm.
1634 251 1680 309 π.
1721 250 1872 310 ω).
1908 249 2063 310 xm.
2714 252 2823 312 1¹0

197 353 436 430 posteriores
457 353 588 426 leges
609 356 884 425 generales
920 368 951 409 a
992 354 1278 427 prioribus,
1300 371 1422 426 qum

191 433 234 491 in
270 433 408 506 specie
449 431 680 505 ejusdem
719 433 930 504 generis
967 432 1116 488 aliud
1153 439 1423 498 stamant,

191 513 347 575 minui,
367 520 410 567 et
431 509 705 582 temperari
723 511 934 568 debere.
959 511 1064 567 Sed
1091 517 1270 568 tamen
1313 511 1424 584 (11)

188 601 226 646 et
246 589 323 644 hoc
342 590 492 661 ipsum
517 597 789 662 receptum
814 597 906 646 est.
930 589 1087 657 Quod
1123 605 1248 645 clun
1289 587 1426 643 acei-

184 669 263 730 dit,
283 684 368 722 non
394 665 690 740 litomnino
715 667 960 742 priorum
982 669 1163 738 legum
1206 675 1426 739 potesta-

185 753 356 816 te,quae
377 744 426 800 in
451 745 760 817 posteriores
793 747 933 816 leges
973 746 1119 802 nihil
1155 745 1296 817 juris
1333 744 1430 800 ha-

181 823 297 878 bent:
317 823 394 878 sed
416 821 600 880 accidit
642 824 884 896 ipsarum
923 823 1273 896 posteriorum
1309 838 1428 879 sen-

179 901 332 958 tentia.
353 910 398 955 et
420 904 707 968 somniate,
732 919 854 975 quae
871 920 1026 964 ‚eum
1050 903 1200 958 omni
1225 919 1291 956 ex
1307 917 1430 973 par-

177 987 212 1032 te
230 981 466 1035 contrariae
490 997 601 1036 non
625 990 780 1046 sunt,
795 981 990 1054 subjici
1012 997 1068 1038 se
1085 981 1272 1036 volunt
1286 979 1426 1052 prio-

54 1123 56 1138 ἰ
170 1055 310 1122 ribus,
327 1074 424 1128 quo
450 1075 637 1116 earum
653 1059 1054 1130 exceptione,et
1077 1060 1422 1116 moderamen

54 1191 57 1210 Ι
169 1132 210 1188 in
231 1151 274 1189 se
294 1136 572 1193 admittant.
595 1139 668 1194 Et
704 1137 835 1194 hine
873 1138 1134 1194 sententia
1176 1136 1424 1209 posterio-

165 1227 254 1267 rum
277 1214 433 1284 legum
457 1217 762 1286 angustior,
785 1231 952 1287 quam
979 1217 1144 1272 verba
1169 1216 1421 1272 efficiant:

164 1289 260 1345 hinc
289 1291 483 1348 illarum
523 1303 1010 1366 temperamentum
1052 1312 1119 1351 ex
1153 1292 1424 1366 prioribus

54 1367 56 1372 '
167 1367 348 1438 legibus.
379 1371 440 1426 de
473 1389 587 1444 quo
603 1373 762 1430 initio
785 1373 1172 1445 proposuimus.
1210 1371 1430 1441 Signifi-

157 1456 305 1502 cantur
325 1448 451 1516 haee,
487 1467 618 1506 cum
661 1451 894 1516 dicitur,
935 1451 1140 1524 priores
1177 1452 1316 1521 leges
1351 1451 1424 1506 ad

157 1525 402 1593 psterior-es
424 1529 593 1585 trahi:
617 1529 711 1586 sed
743 1539 797 1586 et
835 1529 1145 1602 posteriores
1171 1529 1332 1593 trahi,
1369 1539 1424 1584 et

152 1603 364 1671 pertinere
387 1609 450 1662 ad
478 1608 700 1679 priores.
745 1609 800 1665 L.
853 1625 961 1664 non
998 1617 1074 1664 est
1108 1625 1320 1663 novum.
1359 1605 1419 1662 L.

149 1681 261 1747 ideo,
301 1683 351 1738 t.
387 1688 472 1742 sed
518 1693 572 1741 ct
620 1691 962 1756 posteriores,
1002 1687 1070 1743 D.
1117 1689 1182 1743 dc
1238 1683 1418 1755 chib.

155 1757 368 1850 Quorsum
393 1764 538 1820 enim
567 1765 770 1836 priores
793 1764 938 1822 trahi
963 1765 1034 1820 ad
1077 1763 1418 1836 posteriores,

150 1853 182 1891 st
201 1853 370 1908 priores
391 1857 482 1912 per
505 1859 565 1898 se
585 1884 600 1906 ‚
623 1852 676 1899 et
700 1843 817 1900 sine
858 1841 1210 1914 posteriorum
1253 1841 1416 1898 inter-

150 1917 414 1983 Ρῐθῐᾶῑῑῦῦθ,
450 1929 504 1978 et
544 1921 874 1978 correctione
916 1921 1093 1978 valere
1128 1920 1416 1976 volumus?

141 1993 358 2058 Quorsum
381 1999 696 2070 posteriores
723 2001 868 2058 trahi
895 2001 966 2056 ad
1008 2001 1212 2071 priores
1227 2040 1242 2064 ,
1277 1998 1324 2054 si
1361 2007 1414 2055 et

143 2076 397 2138 Fisteriores
421 2094 516 2149 per
541 2095 602 2134 se
626 2080 806 2136 valere
833 2088 1079 2152 possunt,
1103 2085 1156 2134 et
1181 2077 1411 2134 debent?

141 2148 294 2216 Quare,
315 2154 356 2210 si
381 2173 489 2212 non
520 2158 723 2213 frustra
751 2158 868 2216 hoec
905 2159 1148 2214 attractio
1173 2167 1281 2218 est.
1321 2173 1412 2212 ne-

139 2242 352 2296 must,
375 2235 494 2291 ideo
521 2235 734 2307 priores
768 2238 838 2293 ad
881 2235 1196 2307 posteriores
1237 2233 1412 2300 trahi,

140 2319 189 2360 ne
205 2309 301 2365 sine
315 2314 670 2382 posteriorum
686 2314 1077 2377 emendatione.
1085 2323 1140 2371 et
1152 2311 1413 2384 exceptio-

135 2399 185 2439 ne
207 2389 419 2447 valeant:
444 2401 498 2448 et
525 2392 846 2465 posteriores
880 2392 1025 2448 trahi
1067 2393 1138 2447 ad
1177 2392 1408 2463 priores,

138 2477 190 2518 ne
218 2470 507 2536 posteriores
541 2473 665 2528 sine
704 2471 950 2544 priorum
991 2479 1411 2542 temperamento

131 2541 422 2616 accipiantur.
449 2549 560 2606 Sed
590 2561 646 2606 et
669 2551 770 2607 hoc
813 2549 960 2606 idem
996 2548 1194 2606 certius
1227 2549 1409 2604 demo-

130 2624 246 2679 stari
264 2636 425 2696 potest
450 2629 556 2685 hoc
589 2630 768 2686 modo.
783 2628 934 2697 Quid
949 2628 1098 2685 enim
1115 2626 1277 2684 efficit
1292 2628 1406 2684 haee

130 2704 322 2761 2lt¹actio
356 2710 606 2778 priorum
653 2708 724 2764 ad
759 2706 1108 2779 posteriores,
1147 2715 1202 2762 et
1239 2714 1406 2777 poste-

129 2778 286 2864 riorum
325 2786 392 2841 ad
436 2786 686 2858 priores?
737 2785 794 2843 Si
835 2786 1050 2857 longius
1100 2784 1408 2856 intelligen-

129 2862 184 2909 tia
205 2864 427 2931 progredi
454 2862 576 2920 non
605 2880 896 2937 possemus:
938 2873 1120 2920 tamen
1163 2863 1266 2920 hoc
1301 2863 1404 2919 sal·

125 2941 202 2991 tem
221 2939 412 2998 efficere
436 2959 636 3000 omnes
669 2941 1094 3014 intelligeremus
1109 2982 1124 3007 ,
1161 2950 1224 2998 ut
1262 2942 1402 3013 prio-

127 3028 184 3067 res
203 3032 311 3072 eum
335 3021 729 3091 posterioribus
744 3062 758 3085 ,
775 3020 1085 3093 posteriores
1109 3036 1236 3077 cum
1262 3019 1402 3091 prio-

125 3089 239 3148 ribus
257 3099 370 3171 conj
380 3108 666 3171 ungantur
691 3101 762 3156 ita
781 3140 796 3165 ,
821 3108 906 3162 ut,
947 3099 1033 3155 his
1069 3097 1373 3170 conjunctis
1388 3138 1402 3162 ‚

123 3184 200 3225 oua
219 3174 294 3229 lex
316 3178 596 3235 efficiatur
619 3195 690 3234 ex
718 3178 959 3242 duabus,
995 3194 1166 3249 eoque
1190 3194 1273 3233 res
1310 3177 1403 3233 de-

123 3248 323 3333 ducatur,
345 3258 505 3328 quasi
535 3274 652 3312 una
677 3256 748 3313 sit
789 3272 914 3328 pars
953 3256 1192 3314 alterius.
1228 3256 1402 3326 quue

119 3334 170 3381 ¹1³
190 3346 301 3395 esse,
325 3334 644 3391 evidentius
667 3336 1026 3391 confirmatur
1059 3344 1229 3401 ex'eo,
1254 3334 1403 3405 quod

123 3402 274 3465 Paulus
295 3414 395 3477 ait,
421 3415 600 3470 etiam
627 3413 942 3485 posteriores
957 3415 1100 3485 leges
1113 3414 1184 3470 ad
1201 3412 1403 3485 priores

121 3486 358 3553 pertinere,
382 3494 438 3548 d.
473 3494 536 3549 L.
568 3492 661 3548 sed
688 3498 738 3548 et
763 3495 1106 3561 posteriores,
1129 3495 1192 3549 de
1219 3490 1400 3560 chib.

121 3560 188 3618 lnt
205 3570 348 3625 verbo
373 3570 430 3627 id
459 3570 814 3642 exprimens,
838 3570 986 3642 quod
1022 3570 1172 3642 prius
1195 3571 1403 3627 dietum

123 3648 216 3703 eat,
233 3646 354 3704 alias
379 3650 530 3722 leges
579 3649 649 3704 ad
679 3648 814 3704 alias
847 3648 1006 3705 trahi.
1031 3649 1180 3716 Quid
1207 3655 1284 3705 est
1310 3664 1404 3703 au-

119 3728 506 3807 “procur-iores
543 3730 816 3797 pertinere
853 3728 928 3784 aa
954 3730 1202 3799 priores?
1240 3726 1393 3783 Nihil

123 3798 252 3861 iliud.
272 3818 435 3873 quam
464 3806 790 3878 posteriores
813 3822 922 3862 osse
951 3805 1192 3877 priorum
1209 3806 1393 3876 legum

123 3884 274 3937 nsunt
295 3896 472 3953 partes
497 3884 594 3941 sui
620 3883 805 3939 totius:
829 3900 940 3957 quo
966 3886 1126 3941 modo
1162 3884 1396 3957 pertine-

121 3959 224 4013 uad
259 3976 346 4017 nos
389 3964 668 4027 dicimus,
706 3962 852 4033 quod
893 3972 1136 4019 nostrum
1177 3970 1282 4025 αις
1321 3963 1391 4019 ad

125 4032 326 4107 iliquem,
351 4042 506 4114 quod
539 4048 621 4098 est
647 4040 780 4112 ejus.
797 4042 867 4097 ·L.
905 4044 1122 4097 verbum
1145 4043 1303 4106 illud,
1321 4041 1388 4096 D.

123 4112 160 4165 ὲ
185 4120 302 4174 τετὸ.
336 4124 485 4192 siqu.
517 4121 590 4176 Id
612 4120 762 4192 quod
801 4136 911 4175 non
939 4121 1048 4176 alia
1089 4136 1157 4176 ex
1198 4136 1256 4177 re
1295 4120 1389 4184 fit,

125 4199 382 4267 mquod
399 4199 490 4256 hae
507 4200 656 4268 leges
681 4212 778 4269 pro
795 4214 904 4254 una
931 4198 1122 4255 haberi
1159 4198 1392 4255 debeant

124 4274 277 4329 unde
301 4288 500 4335 mutua
531 4278 976 4347 interpretatione
1013 4276 1306 4349 quaeritur,
1340 4283 1393 4331 et

127 4342 186 4429 ἦξε
203 4355 354 4419 gratia
371 4398 386 4419 ‚
401 4356 446 4411 si
475 4354 622 4411 loeis
639 4397 652 4416 ‚
667 4362 759 4411 aut
784 4356 1114 4427 temporibus
1139 4356 1391 4427 sejunetae

54 4436 57 4475 ἑ
127 4437 207 4493 tut,
229 4446 322 4489 una
351 4436 423 4490 ad
451 4433 632 4490 aliam
659 4434 798 4489 trahi
841 4434 1050 4499 debeat,
1080 4440 1139 4490 ut
1164 4432 1393 4502 conjun-

129 4514 276 4567 estu.
298 4514 424 4569 Jam
453 4505 612 4570 vero‘
623 4512 754 4586 quid
782 4510 979 4569 efficiat
998 4514 1120 4585 jure
1159 4511 1274 4568 haec
1311 4526 1396 4566 co-

144 4697 237 4761 ‚(¹¹)
261 4698 490 4751 videtur
527 4701 676 4751 enim
713 4700 978 4767 legislator
1011 4697 1236 4749 voluisse
1271 4714 1385 4765 spe-

124 4758 254 4809 0212111
293 4766 718 4829 praetermittere
737 4804 758 4827 ,
793 4770 876 4816 vel
909 4765 1156 4815 nesciisse
1191 4764 1256 4813 dc
1307 4782 1384 4813 ea.

54 4888 56 4897 ζ
123 4820 235 4875 Tm·
261 4832 314 4885 in
345 4838 408 4900 β.
463 4848 516 4883 ι.
577 4844 722 4887 extr·
756 4830 822 4885 de
855 4837 1038 4887 Const-
1075 4827 1146 4883 Et
1179 4830 1386 4883 nullum

1498 355 1779 491 {22⁰3}ss
1820 373 1894 492 ‘132
1924 357 2083 506 Τἔὲα
2100 356 2429 506 ’suffigit'
2464 355 2823 504 sisti:

1780 475 1795 502 5

1499 511 1749 583 pluribus
1774 512 2029 570 clausulis
2050 522 2355 578 constante,
2390 512 2448 569 id
2486 512 2821 569 servandum

1499 589 1567 646 sit
1593 590 1648 646 in
1678 591 1889 662 legibus
1913 591 2207 663 prioribus,
2230 600 2285 648 ct
2317 590 2701 662 posterioribus
2735 592 2821 646 in·-

1501 675 1582 724 ter
1605 685 1662 724 se
1686 669 2003 740 conjunctis.
2042 671 2105 725 ln
2135 685 2245 725 una
2272 679 2455 726 autem
2496 671 2611 740 lege
2649 668 2821 740 pluri·

1504 747 1605 802 bus
1627 747 1885 804 clausulis
1904 755 2179 804 constante
2206 747 2305 803 hoc
2338 755 2607 813 servatur,
2646 755 2737 809 ut,
2772 746 2819 802 si

1502 825 1651 896 prior
1674 825 1861 897 aliqua
1884 827 2129 882 clausula
2156 825 2421 897 generalis
2446 835 2558 883 este
2576 841 2637 882 ea
2676 824 2815 890 citra

1502 903 1917 960 controversiam
1932 905 2233 975 corrigatur
2242 945 2258 967 ,
2272 913 2325 960 et
2336 911 2664 976 temperetur
2678 902 2820 974 prio·

1501 977 1654 1038 ribus
1670 1021 1684 1046 ,
1707 982 1910 1054 quibus
1932 977 2067 1054 quid
2094 983 2163 1038 de
2188 984 2369 1054 priore
2392 984 2697 1040 detractum
2724 992 2819 1042 est·

1499 1068 1564 1115 ut
1587 1076 1697 1116 esse
1730 1069 1951 1133 apparet
1987 1061 2308 1118 sententiam
2348 1060 2513 1133 ipsius
2550 1060 2709 1130 legis,
2748 1060 2817 1116 de

1499 1153 1610 1209 quo
1637 1138 1793 1196 initio
1820 1138 2022 1211 Capitis
2045 1139 2303 1196 diximus.
2329 1141 2435 1196 Sed
2460 1148 2513 1195 et
2538 1140 2651 1195 vice
2665 1153 2813 1194 versa

1499 1215 1642 1273 idem
1672 1217 1772 1273 hoc
1796 1219 1997 1283 evenit,
2022 1217 2139 1274 utsi
2166 1217 2421 1290 posterior
2444 1219 2629 1289 aliqua
2656 1231 2817 1286 gene-

1498 1294 1628 1352 ralis
1649 1295 1742 1352 sit:
1769 1305 1949 1353 tamen
1975 1311 2007 1350 a
2024 1295 2297 1366 prioribus
2318 1304 2676 1368 temperetur,
2689 1311 2815 1366 quae

1503 1373 1572 1428 de
1594 1373 1769 1444 specie
1792 1372 1979 1445 aliqua
2002 1373 2245 1445 eiusdem
2270 1375 2483 1446 generis
2505 1389 2653 1429 secus
2688 1389 2815 1428 con-

1499 1451 1803 1518 stituerint,
1830 1461 1889 1509 ut
1914 1469 1989 1510 eae
2011 1452 2211 1523 specioe
2246 1470 2313 1508 ex
2346 1455 2541 1522 genere
2565 1451 2813 1522 sequenti

1497 1531 1827 1587 eximantur.
1867 1530 1931 1586 L.
1975 1532 2205 1594 sanctio,
2254 1530 2323 1586 D.
2366 1532 2431 1587 de
2459 1547 2603 1600 ρωπ-
2640 1529 2813 1599 quue

1494 1617 1600 1674 est,
1623 1609 1775 1680 quod
1802 1611 1987 1679 regula
2008 1607 2147 1680 juris
2172 1608 2437 1672 traditur,
2472 1608 2531 1664 in
2558 1615 2669 1663 toto
2689 1607 2811 1678 jure

1491 1687 1720 1758 speciem
1734 1687 1919 1758 generi
1934 1687 2191 1757 derogare
2203 1726 2217 1749 ‚
2230 1692 2285 1742 et
2308 1686 2449 1742 illud
2476 1684 2811 1758 potissimum

1492 1763 1709 1832 haberi,
1750 1766 1901 1837 quod
1926 1766 1997 1821 ad
2034 1764 2265 1836 speeiem
2304 1765 2573 1822 directum
2608 1771 2703 1820 est.
2748 1765 2811 1820 L.

1489 1844 1550 1898 in
1588 1851 1725 1908 toto,
1763 1844 1832 1900 D.
1870 1845 1935 1900 de
1972 1861 2086 1914 req.
2102 1847 2224 1914 jur.
2250 1843 2405 1900 Idem
2428 1859 2555 1914 ergo
2580 1841 2639 1898 in
2666 1841 2810 1914 prio—

1491 1921 1644 1978 ribus
1663 1963 1680 1988 ,
1719 1931 1773 1979 et
1811 1921 2195 1994 posterioribus
2240 1922 2453 1994 legibus
2500 1919 2807 1992 conjunctis

1487 2001 1813 2056 servandum
1838 2011 1929 2058 est.

1565 2079 1717 2136 xvt.
1742 2079 2053 2136 Secundum
2104 2081 2247 2136 hanc
2286 2080 2530 2150 regulam
2572 2078 2647 2134 ita
2696 2089 2801 2134 sta-

1487 2165 1717 2213 tuemus.
1740 2158 1798 2214 Si
1824 2159 1913 2213 lex
1936 2158 2123 2231 aliqua
2150 2158 2299 2230 prior
2332 2157 2599 2230 generalis
2619 2167 2697 2213 est
2711 2196 2727 2220 ,
2751 2165 2805 2212 et

1489 2235 1777 2305 posteriore
1803 2237 1919 2306 lege
1942 2236 2127 2309 aliqua
2170 2235 2471 2308 specialiter
2503 2236 2641 2306 quid
2678 2251 2808 2290 eon-

1489 2319 1572 2369 tra
1615 2313 1966 2370 constitutum
2017 2325 2095 2372 est
2137 2315 2194 2372 in
2237 2316 2409 2386 speeie
2448 2314 2635 2387 aliqua
2686 2315 2807 2384 ejus

1487 2391 1728 2462 generis:
1778 2392 1913 2449 eitra
1938 2394 2355 2450 controversiam
2371 2409 2589 2450 omnem
2614 2409 2675 2448 ea
2688 2409 2805 2464 spe-

1487 2469 1592 2526 cies
1641 2470 1877 2542 amplius
1926 2487 2035 2528 non
2078 2470 2447 2528 continebitur
2500 2469 2678 2542 priore
2730 2473 2807 2527 le-

1481 2565 1576 2621 ge,
1603 2557 1665 2606 ut
1700 2557 1883 2621 aperte
1918 2550 2154 2606 detracta
2194 2551 2269 2606 ab
2308 2568 2403 2615 eo,
2424 2550 2523 2623 qui
2558 2550 2647 2623 jus
2685 2564 2804 2606 mu·-

1481 2628 1634 2685 tandi
1661 2626 1881 2685 habuit:
1906 2628 1983 2685 sic
2008 2636 2295 2693 tamen‚ut
2318 2630 2459 2686 nihil
2486 2629 2805 2701 ampliusdo

1480 2707 1660 2777 priore
1685 2722 1881 2778 genere
1907 2716 2191 2779 exceptum
2228 2707 2595 2779 intelligatur,
2631 2722 2803 2779 quam

1480 2786 1629 2855 quod
1654 2784 1955 2859 specialiter
1977 2796 2263 2858 exceptum
2288 2796 2393 2843 est:
2418 2795 2605 2844 coetera
2632 2785 2805 2842 veteri

1477 2863 1592 2935 juri
1631 2865 2032 2934 relinquantur.
2064 2864 2126 2921 L.
2160 2868 2523 2935 precipimus,
2558 2868 2621 2920 in
2658 2864 2713 2933 fi.
2740 2864 2827 2921 C.··

1481 2944 1544 2998 de
1575 2945 1757 3014 appol.
1781 2943 1887 2999 Sed
1927 2958 2087 3007 eum,
2126 2950 2189 2999 ut
2226 2943 2371 3008 dixi,
2397 2942 2500 2999 hoc
2538 2951 2808 3017 tempera-

1481 3028 1726 3077 mentum
1764 3020 2045 3091 contingat
2067 3037 2181 3077 non
2220 3020 2483 3078 sententia
2506 3020 2701 3091 prioris
2728 3019 2807 3075 le·

1477 3097 1585 3168 gis,
1621 3100 1713 3157 sed
1754 3106 2037 3171 potestate,
2060 3105 2115 3155 et
2142 3098 2437 3155 mutatione
2472 3096 2803 3169 posterioris:

1475 3178 1673 3247 speeies
1708 3179 1778 3233 ad
1818 3194 1939 3235 eam
1978 3184 2319 3248 potestatem,
2358 3184 2411 3233 et
2444 3174 2803 3238 mutationem

1479 3256 1759 3312 reserenda
1786 3263 1889 3320 est,
1916 3254 2057 3311 nihil
2084 3256 2155 3311 ad
2181 3255 2330 3310 hune
2354 3255 2553 3311 locum.
2568 3254 2725 3326 Quod
2750 3254 2798 3311 si

1479 3350 1511 3388 e
1547 3350 1803 3391 converso
1849 3334 2125 3405 prioribus
2172 3331 2385 3405 legibus
2420 3334 2497 3391 de
2526 3334 2803 3407 speciebus

1478 3412 1636 3469 certis
1659 3422 1882 3469 cautum
1921 3410 2023 3475 sit,
2061 3409 2261 3467 deinde
2300 3412 2557 3483 pomior
2594 3412 2683 3469 lex
2720 3429 2801 3469 se-

1479 3499 1683 3560 quatur
1706 3488 2029 3561 generaliter
2054 3490 2121 3545 de
2145 3497 2261 3547 toto
2276 3506 2347 3546 co
2370 3502 2561 3561 genere
2588 3500 2802 3549 contra-

1482 3568 1625 3624 rium
1652 3578 1913 3625 statuens:
1938 3567 2305 3626 nihilominus
2340 3568 2485 3625 idem
2522 3569 2767 3627 dicemus
2784 3610 2800 3637 ,

1480 3648 1777 3711 nimirum,
1800 3656 1862 3703 ut
1886 3662 1995 3702 nou
2024 3646 2101 3703 sic
2134 3646 2461 3721 accipiamus
2494 3648 2669 3719 legem
2706 3665 2801 3721 po-

1472 3726 1748 3782 steriorem
1766 3766 1781 3789 ‚
1822 3725 1979 3797 quasi
2018 3740 2111 3789 ea,
2148 3733 2212 3781 ut
2250 3726 2555 3791 contraria,
2588 3728 2803 3798 priores

1472 3804 1612 3875 leges
1634 3803 1888 3877 speciales
1913 3805 2181 3874 abrogatae
2206 3803 2338 3863 sint:
2375 3804 2467 3861 sed
2504 3814 2567 3861 ut
2590 3822 2655 3861 ex
2682 3807 2799 3877 lege

1451 3884 1762 3954 ,posteriore
1788 3882 2131 3954 excipiantur
2154 3882 2351 3953 speeies
2370 3884 2797 3955 priores,quam-

1469 3962 1548 4019 vis
1573 3960 1876 4034 posterioris
1900 3960 2034 4031 legis
2050 3960 2211 4015 verba
2228 3962 2582 4032 refragentur.
2600 3964 2799 4019 Exem-

1469 4040 1544 4111 pli
1571 4056 1755 4097 caussa
1780 4041 2080 4111 fingamus,
2107 4038 2269 4093 hodie
2304 4041 2481 4110 legem
2522 4038 2596 4096 ita
2638 4040 2794 4097 ferri:

1467 4120 1578 4189 Qui
1603 4136 1712 4189 pro
1736 4120 1850 4175 olio
1873 4118 2237 4189 fidejusserint
2264 4120 2409 4188 apud
2436 4118 2769 4175 tabellionem
2782 4160 2797 4186 ,

1465 4199 1670 4253 utiliter
1692 4205 1975 4253 teneantur
1990 4236 2005 4259 ‚
2028 4198 2139 4250 sive
2174 4196 2254 4250 rei
2298 4196 2629 4267 principales
2657 4212 2801 4265 pm-

1463 4272 1632 4331 'sevetes
1655 4278 1791 4340 sint,
1828 4292 1947 4330 cum
1984 4274 2173 4341 aqitur
2191 4311 2204 4334 ,
2228 4276 2340 4329 sive
2369 4274 2633 4338 absentes,
2654 4282 2705 4331 et
2726 4279 2799 4333 si-

1466 4368 1528 4409 ve
1567 4354 1814 4409 solvendo
1848 4356 1986 4415 sint,
2010 4353 2116 4405 sive
2158 4366 2267 4405 non
2306 4354 2433 4407 sint.
2482 4352 2583 4407 His
2622 4356 2799 4411 verbis

1467 4431 1776 4487 continetur
1812 4430 1976 4485 etiam
2020 4429 2247 4484 soemina
2288 4430 2625 4501 fidejuliens‚
2664 4430 2792 4489 item

1474 4510 1709 4566 minores
1732 4508 1926 4579 viginti
1952 4508 2201 4579 quinque
2234 4508 2415 4565 annis.
2442 4510 2631 4581 ltaque
2656 4520 2711 4567 et
2736 4512 2795 4569 hi

1463 4696 1729 4747 infirmius
1781 4700 2143 4759 argumentum
2202 4703 2317 4758 est,
2353 4712 2505 4763 qnam
2552 4696 2687 4763 quod
2728 4714 2791 4750 ex

1465 4764 1638 4812 verbis
1676 4762 2005 4827 generalibus
2038 4762 2263 4812 sumitur
2296 4762 2357 4811 ad
2395 4763 2788 4827 particularium

1465 4830 1636 4897 legum
1670 4829 2075 4882 correctionem.
2110 4826 2327 4880 Fachiu.
2352 4826 2403 4879 5.
2428 4834 2615 4883 Comr.
2650 4828 2737 4893 94.
