3327 5214
488 191 596 254 ¹11
1264 193 1586 252 rme-oms
1627 191 1957 250 DONELLI
1997 178 2370 248 COMMENT.
3052 193 3146 252 tte.

481 298 530 356 si
569 297 734 354 verba
767 295 900 368 legis
936 295 1238 369 posterioris
1275 295 1582 369 sequimur,
1629 297 1801 354 teneri

481 377 778 433 debebunt.
804 375 1082 441 Dicemus,
1105 393 1218 434 non
1235 376 1407 434 teneri
1425 389 1506 440 ,et
1522 377 1696 448 legem
1712 391 1803 448 po-

481 454 762 512 steriorem
786 455 856 510 ad
882 453 1088 527 priores
1123 455 1378 527 speciales
1409 455 1713 518 trahemus,
1734 453 1804 510 si-

484 549 626 605 eque
649 533 1144 604 interpretabimur,
1169 542 1228 589 ut
1251 532 1626 604 intelligantur
1651 549 1803 594 exce-

487 622 590 684 με
613 627 722 668 esse
747 612 1082 672 mulieremet
1105 611 1341 668 minores
1351 611 1542 682 viginti
1557 610 1805 682 quinque

486 689 816 755 annIS,cum
831 707 929 762 pm
947 690 1054 746 alio
1083 690 1464 762 iidejusserint,
1488 689 1619 761 quia
1645 689 1805 744 aliter

485 769 558 825 de
573 768 968 840 hisspecialiter
979 777 1202 825 cautum
1213 768 1284 824 sit
1301 768 1568 839 prioribus
1582 767 1809 838 legibus

489 847 560 903 de
609 846 1082 904 intercessionibus
1119 847 1428 913 mulierum,
1455 847 1810 904 Senatuscon-

485 927 631 983 sulto
653 925 967 992 Velleiano,
989 925 1060 982 de
1085 925 1388 982 minoribus
1423 925 1599 982 edicto
1623 935 1811 996 praeto-

489 1003 567 1061 ris
590 1004 658 1062 de
681 1004 1000 1062 minoribus.
1025 1004 1405 1074 Interpretatio
1440 1003 1526 1059 his
1549 1002 1681 1059 loc-is
1719 1004 1811 1060 de-

491 1080 773 1149 tondetur,
796 1084 944 1153 quod
971 1083 1282 1154 posteriores
1305 1082 1376 1138 ad
1413 1080 1644 1153 priores,
1684 1091 1809 1144 aut,

487 1161 535 1216 si
561 1162 860 1226 malumus,
883 1162 1086 1234 priores
1109 1161 1179 1216 ad
1207 1160 1518 1232 posteriores
1551 1159 1628 1217 sie
1668 1159 1819 1220 trahi

491 1238 717 1301 debent,
741 1239 897 1310 quasi
921 1239 1130 1312 priores
1151 1239 1384 1296 inessent
1415 1239 1474 1295 in
1510 1237 1813 1310 posteriori·

493 1316 670 1374 husd-
710 1318 774 1374 L.
809 1318 1202 1389 ideoqm'o,de
1229 1317 1408 1388 Leqib.
1449 1316 1608 1384 Quod
1647 1316 1693 1372 si
1722 1317 1815 1373 tie-

493 1404 600 1460 ret,
625 1396 808 1452 minus
831 1395 991 1453 dubii
1015 1406 1178 1460 esset,
1201 1396 1341 1467 quin
1375 1394 1573 1467 species
1611 1397 1815 1467 priores

491 1490 560 1530 ex
587 1473 828 1546 generali
855 1474 1098 1531 clausula
1113 1483 1367 1546 sequente
1379 1484 1612 1544 excepte
1626 1486 1814 1530 essent.

489 1552 546 1608 d.
586 1552 650 1608 L.
685 1554 885 1609 sanctio
923 1555 988 1610 de
1018 1569 1163 1623 pon.
1189 1553 1398 1608 Deinde
1430 1552 1563 1624 quia
1603 1553 1669 1614 in
1704 1560 1814 1608 toto

489 1629 616 1702 iure
639 1630 825 1700 generi
851 1647 946 1702 per
967 1632 1223 1702 speciem,
1245 1631 1302 1688 id
1328 1640 1406 1686 est
1429 1630 1669 1701 generali
1692 1647 1818 1686 con-

493 1709 768 1766 stitutioni
783 1749 798 1772 ,
838 1709 1088 1780 quamvis
1125 1708 1431 1782 posteriori,
1471 1725 1566 1779 per
1613 1709 1821 1780 priores

489 1788 748 1858 spetiales
771 1788 1096 1859 derogatur,
1117 1791 1172 1844 d.
1201 1788 1262 1844 L.
1283 1790 1344 1843 in
1368 1793 1506 1844 toto.-
1535 1787 1600 1842 D.
1625 1788 1689 1844 de
1706 1804 1819 1858 req.

486 1867 608 1935 Jur.
647 1881 843 1936 nempe
869 1865 989 1922 ideo
1004 1906 1021 1931 ,
1045 1867 1176 1936 quia
1217 1883 1286 1922 ex
1325 1864 1669 1937 generalibus
1704 1883 1821 1938 spe-

493 1943 658 2000 ciales
695 1951 926 2014 exceptae
953 1945 1345 2022 intelligantur.
1369 1943 1422 2000 d.
1465 1944 1525 2000 L.
1563 1949 1780 2001 sanctio.

573 2021 754 2078 xvn.
777 2022 882 2078 Sed
909 2022 1000 2078 hic
1025 2023 1218 2079 merito
1241 2021 1508 2094 quaritur
1525 2063 1540 2086 ,
1570 2039 1670 2080 cur
1695 2039 1821 2080 con-

497 2111 587 2158 tra
611 2101 778 2158 verba
802 2101 1112 2174 posterioris
1147 2101 1281 2174 legis
1315 2100 1665 2174 excipiamus.
1700 2118 1823 2173 quae

1876 297 1993 366 lege
2016 311 2130 352 non
2155 295 2516 366 excipiuntur.
2554 293 2678 352 Non
2704 295 2849 352 enim
2872 297 3084 368 protecto
3102 301 3149 356 id

1876 375 1944 432 fit
1964 383 2219 446 potestate
2246 373 2491 445 priorum
2515 373 2727 445 legum.
2750 391 2872 432 cum
2888 415 2902 437 ,
2922 375 3007 432 etsi
3032 378 3152 448 leges

1878 449 2107 516 suerint,
2130 470 2240 508 non
2270 459 2451 510 tamen
2478 467 2586 509 esse
2610 462 2827 524 possunt
2840 453 3069 512 adversus
3080 473 3155 512 vo-

1878 531 2143 588 luntatem
2168 529 2470 602 posterioris
2492 529 2837 602 legislatoris,
2856 533 2951 605 qui
2981 533 3157 605 priores

1878 610 2043 666 etiam
2068 617 2202 668 totas
2228 623 2439 664 mutare
2476 611 2665 678 potuit.
2690 611 2763 668 Et
2784 628 2903 670 cum
2941 627 3019 678 ea,
3054 628 3161 682 quat

1882 699 2038 746 cauta
2064 699 2191 746 sunt
2220 687 2487 760 prioribus
2512 689 2751 758 legibus,
2776 706 2947 762 neque
2967 691 3018 749 vi
3039 689 3161 762 prio-

1884 783 2009 824 rum
2036 768 2217 838 legum
2242 766 2598 838 excipiamus,
2624 784 2801 841 neque
2837 767 3000 826 verbis
3020 778 3163 840 poste

1886 846 2044 903 rioris
2066 846 2222 916 legis:
2251 844 2613 917 relinquitur,
2636 857 2700 902 ut
2730 846 3056 919 excipiantur
3088 863 3167 918 po-

1882 923 2122 980 sterioris
2146 925 2277 996 legis
2301 923 2564 980 sententia
2581 964 2595 986 ,
2618 941 2729 996 qua
2770 927 2883 998 ejus
2916 927 3038 996 legis
3070 941 3167 980 ver·

1886 1003 1955 1058 ba
1982 1010 2378 1074 temperentur:
2404 1012 2501 1058 aut
2524 1002 2735 1076 alioqui
2758 1004 3082 1076 excipiantur
3094 1003 3173 1062 ad·

1886 1097 2067 1138 versus
2090 1083 2289 1152 legem,
2326 1081 2473 1152 quod
2496 1081 2585 1152 ius
2608 1099 2721 1140 non
2758 1083 2975 1154 patitur.
3000 1082 3055 1138 L.
3079 1097 3173 1138 m

1888 1159 2139 1222 dubium,
2178 1159 2235 1216 C.
2270 1161 2335 1216 de
2380 1159 2555 1228 amb.
2592 1161 2663 1218 Et
2688 1177 2774 1219 res
2796 1160 2875 1220 ita
2912 1161 3093 1226 habet.
3121 1171 3175 1216 ut

1888 1236 2208 1308 legislatoris
2232 1237 2289 1294 in
2330 1238 2713 1310 posterioribus
2726 1237 2937 1312 legibus
2972 1237 3078 1296 htee
3104 1253 3180 1294 vo-

1891 1317 2073 1372 luntas
2096 1315 2167 1372 sit
2190 1325 2244 1372 et
2266 1315 2557 1382 sententia,
2590 1327 2679 1384 ut,
2718 1319 2823 1376 nisi
2864 1327 3035 1390 aperte
3068 1333 3179 1372 con-

1888 1403 2019 1458 stet,
2042 1394 2182 1465 leges
2204 1410 2311 1450 «me
2338 1395 2497 1466 plane
2518 1397 2845 1462 contrarias,
2884 1414 2915 1452 a
2940 1390 3185 1468 prioribus

1890 1472 2103 1542 legibus
2126 1491 2237 1530 non
2267 1473 2561 1530 recedatur.
2586 1477 2647 1532 L.
2686 1479 2735 1532 st·
2770 1477 3014 1548 quando,
3036 1478 3093 1530 in
3110 1491 3185 1544 pr.

1894 1552 1951 1608 C.
1976 1554 2039 1608 de
2064 1553 2210 1624 inoff.
2233 1560 2342 1608 test.
2371 1553 2535 1622 idque
2561 1551 2737 1624 ipsum
2762 1565 2867 1620 est,
2898 1553 3043 1625 quod
3066 1553 3121 1609 in
3141 1554 3187 1608 a.

3308 1413 3313 1448 1

3302 1493 3312 1528 l

3305 1563 3313 1594 4

1890 1631 1953 1688 L.
1978 1632 2081 1686 red.
2108 1639 2157 1686 et
2186 1633 2525 1702 posteriores,
2560 1631 2625 1689 de
2658 1633 2821 1702 lomb.
2856 1633 3078 1696 dicitur,
3112 1647 3189 1702 po·
3303 1651 3312 1672 ¹

1892 1709 2137 1766 ster-iores
2162 1711 2302 1780 leges
2338 1710 2407 1766 ad
2438 1709 2641 1780 priores
2680 1711 2951 1782 pertinere
2976 1713 2993 1786 (
3018 1725 3190 1782 nempe
3300 1729 3313 1764 ε

1896 1798 1957 1844 ut
1980 1789 2052 1844 ab
2080 1787 2163 1844 his
2202 1788 2511 1859 posteriores
2550 1795 3039 1862 temperamentum
3074 1788 3196 1845 acci·

3302 1805 3313 1844 1

1894 1867 2049 1936 piant
2074 1867 2119 1938 ),
2142 1867 2247 1923 nisi
2272 1867 2380 1924 sint
2403 1867 2709 1932 mntrariae,
2734 1869 2795 1926 id
2834 1877 2915 1926 est
2954 1869 3009 1924 in
3036 1875 3193 1923 totum
3298 1887 3313 1920 t

1894 1946 2194 2002 contrariae.
2216 1945 2339 2012 Quo
2372 1961 2501 2001 casu
2540 1945 2744 2017 priores
2784 1947 3073 2012 tolluntur,
3092 1946 3198 2004 sola
3298 1966 3312 2000 t

1896 2023 2291 2095 relinquuntur
2317 2025 2645 2096 pmteriores.

1659 2258 1703 2316 C
1726 2261 1778 2320 A
1804 2259 1863 2315 P.
1924 2259 2076 2316 xlv.

3304 2047 3312 2080 4

3302 2205 3313 2238 Ἰ

3302 2361 3312 2395 J

505 2413 584 2471 De
620 2415 882 2474 sententia
923 2415 1074 2487 legis.
1113 2414 1262 2474 Huic
1301 2423 1514 2472 tantum
1553 2415 1759 2474 tribui:
1784 2423 1871 2480 ut,
1896 2418 2357 2490 quemadmodum
2384 2411 2501 2476 sine
2526 2419 2631 2474 hae
2668 2419 2821 2476 nihil
2864 2421 2927 2478 in
2968 2422 3081 2492 lege
3102 2418 3214 2475 seri-
3300 2441 3305 2449 ·

583 2498 737 2566 ptum
777 2495 946 2559 valet,
981 2495 1234 2566 quamvis
1271 2506 1452 2566 aperte
1489 2495 1753 2566 scriptum
1792 2495 1977 2554 latius:
2018 2495 2091 2552 ita
2130 2504 2317 2556 eontra
2336 2537 2351 2560 ,
2386 2493 2429 2552 si
2470 2514 2533 2554 ea
2573 2499 3023 2570 deprehendatur
3064 2497 3216 2554 ‹erliis
3306 2503 3312 2554 ἒ

576 2571 772 2637 latior,
807 2573 922 2645 ipsa
953 2572 1126 2630 'etiam
1164 2572 1224 2631 in
1267 2573 1377 2639 his,
1415 2589 1539 2646 quat
1574 2574 1773 2647 scripta
1812 2591 1921 2633 non
1961 2583 2116 2639 sunt,
2154 2574 2225 2633 ad
2262 2591 2387 2647 quaa
2435 2576 2595 2635 modo
2643 2577 2950 2651 pertineat,
2989 2595 3082 2651 pro
3119 2579 3219 2644 lege
3301 2597 3310 2633 ε

579 2656 636 2707 et
671 2652 798 2724 jure
833 2654 1160 2710 observetur.
1197 2653 1264 2709 ln
1303 2670 1415 2725 quo
1451 2661 1532 2709 est
1569 2652 1942 2725 interpretatio
1978 2653 2145 2726 jum,
2168 2670 2293 2729 quai
2330 2655 2493 2727 vulgo
2529 2661 2811 2715 exmusivo
2854 2658 3081 2717 dicitur.
3102 2656 3219 2724 Qui-
3298 2676 3305 2684 ·

581 2730 688 2787 bus
723 2747 792 2787 ex
832 2732 994 2788 rebus
1029 2731 1318 2805 colligatur
1356 2732 1616 2789 sententia
1655 2732 1788 2805 legis
1825 2733 1999 2791 latior.

497 2888 567 2947 St
607 2887 768 2959 ἱερέα
791 2890 1048 2945 sententia
1082 2889 1247 2945 latior
1285 2892 1354 2944 sit
1393 2889 1563 2945 verbis
1577 2907 1599 2942 .-
1637 2898 1821 2946 exten·-

576 2965 689 3022 siva
713 2970 1077 3037 interpretatio
1103 2968 1424 3025 adhibenda.
1453 2968 1495 3023 I.

497 3044 828 3103 Sententiam
850 3045 986 3115 1092·ae
1023 3048 1266 3103 latiorem
1297 3062 1408 3104 em
1445 3046 1644 3111 verbis,
1682 3048 1822 3103 unde

573 3132 940 3193 coquerentur.
968 3124 1042 3180 11.

499 3201 872 3272 interpretatio
884 3204 1154 3259 extensive
1180 3204 1397 3274 quando
1412 3245 1427 3268 ,
1451 3210 1503 3259 et
1524 3218 1633 3275 qua
1658 3206 1822 3257 ratio-

575 3296 641 3337 ne
653 3280 882 3336 dueatur
895 3280 964 3335 ὠ
988 3282 1270 3351 diaporte
1293 3284 1528 3353 ejusdem
1550 3284 1701 3351 ἱερὴ.
1728 3282 1825 3349 111.

821 3356 954 3415 Item
993 3376 1030 3414 a
1063 3364 1332 3416 contrario
1369 3378 1541 3417 sensu.
1575 3360 1671 3415 lv.

815 3434 950 3494 Ite-m
987 3454 1024 3492 a
1058 3438 1500 3510 emanatus.
1540 3439 1608 3493 V.

813 3514 947 3574 Item
985 3534 1022 3572 a
1060 3518 1266 3573 rationo
1305 3519 1456 3587 leqt's.
1495 3516 1591 3572 vt.

505 3594 622 3651 Lex
647 3609 718 3649 ea:
743 3598 948 3649 ratione
966 3633 981 3658 ,
1003 3605 1054 3653 et
1075 3598 1332 3650 sonantia
1370 3598 1691 3664 lapidato-ris
1700 3612 1827 3665 pro-

577 3673 826 3735 ducitur,
887 3679 938 3728 et
999 3673 1305 3729 ammaim
1361 3677 1790 3743 interpretatione
1809 3716 1822 3736 ,

575 3752 946 3822 juridictione
963 3790 980 3816 ,
1015 3753 1376 3809 constitutione
1419 3752 1702 3824 Prineipis.
1752 3754 1829 3809 Et

587 3906 638 3963 1.
661 3906 897 3973 Ut,eum
909 3894 1173 3964 sententia
1189 3906 1324 3979 legis
1335 3907 1611 3979 angustior
1639 3908 1832 3980 depre-

507 3987 679 4043 hensa
723 3994 827 4052 est,
859 4002 1028 4058 quam
1066 3988 1256 4049 verba,
1293 3988 1465 4043 solam
1505 3987 1827 4045 sententiam

502 4065 784 4138 sequimur
803 4104 818 4129 ,
843 4066 1005 4121 verba
1029 4066 1100 4120 ad
1139 4064 1460 4121 sententiam
1499 4082 1824 4129 revocamus,

509 4156 572 4201 ut
591 4158 884 4214 sequamur
911 4143 1199 4208 hactenus,
1235 4152 1504 4214 quatenus
1539 4160 1668 4201 cum
1706 4160 1825 4201 sen-

507 4223 676 4279 tentia
726 4221 1101 4287 consentiunt,
1139 4231 1292 4279 extra
1343 4222 1484 4279 hane
1533 4224 1698 4279 verba
1734 4225 1825 4297 jus

509 4317 620 4356 non
647 4299 782 4363 sint,
804 4300 874 4357 de
897 4316 1007 4371 qua
1031 4300 1472 4372 interpretatione
1495 4301 1706 4357 dictum
1730 4314 1821 4358 est:

511 4378 611 4443 ita,
637 4394 760 4435 cum
787 4379 1048 4435 sententia
1073 4380 1176 4437 erit
1209 4380 1394 4448 latior,
1431 4380 1715 4451 sequimur
1750 4389 1828 4439 to-

507 4466 650 4521 tam,
675 4467 871 4515 utnon
897 4458 1073 4514 solum
1113 4475 1213 4531 pro
1244 4460 1370 4531 jure
1403 4460 1474 4516 sit
1509 4458 1568 4514 in
1605 4458 1725 4525 his,
1759 4461 1827 4517 de

507 4535 716 4605 quibus
735 4552 951 4592 sensum
975 4543 1028 4592 et
1049 4537 1310 4608 scriptum
1336 4538 1544 4603 est,sed
1569 4538 1735 4595 etiam
1766 4540 1827 4597 in

508 4615 788 4677 omnibus,
815 4615 884 4671 ad
909 4630 1033 4684 quoe
1067 4617 1328 4673 sententia
1367 4615 1624 4688 pertinet,
1661 4616 1827 4674 etiam

511 4692 582 4746 de
616 4692 818 4763 quibus
856 4692 1116 4763 scriptum
1157 4711 1266 4750 non
1309 4705 1402 4751 est.
1445 4695 1597 4751 Adeo
1639 4712 1827 4753 verum

511 4778 616 4837 est,
637 4772 786 4841 quod
811 4771 970 4833 initio
991 4773 1272 4844 superioris
1297 4772 1497 4847 Capitis
1521 4775 1828 4845 posui,cum

1974 2895 2190 2962 qnando
2235 2894 2608 2963 jurisdictione
2635 2933 2650 2958 ,
2712 2896 2807 2952 vel
2874 2897 3225 2953 constentiam
3307 2944 3310 2949 .

1982 2970 2248 3040 Principis
2272 2986 2402 3040 opus
2426 2972 2509 3029 sit.
2541 2971 2662 3027 vll.

1900 3049 2079 3107 Multa
2116 3064 2246 3118 rope
2284 3050 2343 3103 in
2368 3049 2571 3117 loqibus
2594 3054 2771 3107 ornem
2794 3070 2912 3109 non
2939 3054 3225 3109 voluntate:
3302 3076 3308 3105 ÷

1972 3130 2064 3184 sed
2099 3131 2231 3199 quia
2254 3144 2363 3183 non
2378 3136 2601 3197 possunt
2636 3147 2827 3187 omna
2872 3134 3099 3189 articuli
3132 3134 3225 3189 sin-
3304 3154 3308 3181 ι

1972 3208 2211 3274 amatim
2247 3206 2630 3275 comprehendi.
2666 3208 2837 3265 vul.

1906 3283 2053 3351 Quia
2085 3284 2175 3355 jus
2194 3300 2517 3341 commune:
2542 3288 2676 3357 quid
2696 3286 2796 3357 jus
2826 3288 3129 3359 singulare.
3146 3284 3235 3343 tx
3306 3258 3308 3263 Ι

1903 3362 2007 3419 Jus
2043 3364 2321 3433 simulem
2352 3378 2463 3419 non
2494 3370 2570 3420 ert
2583 3366 3014 3436 producendum
3038 3370 3111 3423 aa
3133 3382 3236 3423 oon·
3304 3392 3308 3407 =

1982 3446 2293 3512 sequentias.
2329 3440 2405 3497 X.

1904 3518 2304 3576 constitutiones
2327 3519 2640 3591 Principum
2654 3528 2995 3591 personales
3016 3544 3122 3584 nou
3144 3534 3242 3581 tm·

1980 3598 2183 3655 huntur
2206 3599 2279 3653 ad
2316 3601 2633 3669 exemplum.
2672 3601 2782 3659 xl.

1903 3676 2049 3733 Jura
2084 3678 2393 3746 singularia
2430 3679 2643 3735 extendi
2668 3688 2828 3739 vetat
2852 3684 3115 3742 voluntas
3136 3700 3245 3741 oon·
3304 3634 3306 3643 Ι

1980 3758 2324 3812 stituentt‘um.
2360 3754 2487 3812 XII.

1904 3910 2194 3982 quaeritur,
2223 3911 2280 3969 in
2310 3912 2515 3977 verbis,
2538 3920 2593 3969 et
2629 3920 2920 3979 sententia
2966 3922 3101 3990 legis
3122 3918 3249 3991 quid

1906 4006 2003 4060 pro
2036 3992 2161 4061 jure
2202 3990 2515 4049 habendum
2552 3994 2647 4059 sit,
2684 3998 3045 4057 sententiam
3084 4008 3251 4057 totum

1904 4066 2106 4126 facere:
2131 4078 2193 4125 ut
2216 4079 2271 4127 et
2294 4071 2411 4127 sine
2435 4088 2497 4128 ea
2518 4071 2607 4144 jus
2632 4090 2752 4131 non
2784 4076 2897 4145 sit,
2938 4080 3099 4151 quod
3136 4076 3259 4135 scri-

1904 4156 2055 4218 ptum
2080 4158 2182 4205 est:
2206 4157 2284 4211 et,
2308 4149 2409 4205 hac
2432 4151 2691 4216 admissa,
2723 4156 2827 4226 jus
2854 4158 2963 4221 sit,
3004 4159 3167 4220 etiam
3194 4157 3257 4211 tie

1900 4241 2011 4297 quo
2036 4226 2177 4283 nihil
2210 4228 2385 4285 verbis
2420 4244 2739 4299 expressum
2766 4244 2875 4294 est.
2924 4237 3011 4293 Ex
3062 4237 3261 4309 quibis

1901 4306 2131 4376 priorem
2157 4306 2653 4378 interpretationem
2688 4314 2878 4384 vulgo
2904 4320 3261 4372 restrictivasn

1904 4383 2193 4455 appellari,
2219 4385 2353 4454 dixi,
2376 4386 2645 4444 Posterior
2656 4398 2967 4451 extensive*
2990 4397 3157 4465 vulgo
3174 4410 3262 4449 nw-

1904 4462 2175 4527 minatur,
2198 4464 2329 4534 quia
2354 4463 2429 4521 ita
2455 4466 2547 4531 fit,
2572 4475 2636 4522 ut
2666 4473 2969 4531 sententia
3008 4476 3265 4547 produca-

1905 4550 2021 4605 tur,
2046 4550 2097 4596 et
2122 4544 2459 4599 extendatur.
2482 4544 2602 4612 Quo
2629 4550 2813 4605 verbo
2842 4554 3023 4609 etiam
3068 4563 3225 4609 vetem
3242 4572 3265 4609 s·

1906 4629 2165 4684 utuntur,
2197 4622 2335 4681 dum
2368 4624 2541 4693 legem
2568 4625 2637 4681 ad
2662 4624 2823 4685 alias
2848 4646 3079 4689 caussas
3102 4636 3271 4705 purri-

1904 4700 1986 4768 gi,
2013 4708 2065 4755 et
2091 4700 2313 4768 produci
2340 4700 2649 4773 significare
2694 4707 2949 4771 volunt,
2980 4722 3045 4767 ut
3084 4714 3140 4767 1..
3188 4716 3272 4769 D:-

1904 4792 2033 4841 vm,
2072 4778 2130 4851 S.
2166 4787 2216 4835 et
2250 4788 2539 4850 quatenus,
2568 4782 2634 4838 D.
2674 4786 2748 4839 dt·
2779 4789 2923 4861 [aes.
2955 4788 3275 4853 Extenden-
