3327 5214
493 192 610 249 227

649 302 944 371 Sanymine-
959 302 1213 372 placastis
1259 305 1437 354 ventos
1453 336 1468 362 ,
1503 306 1554 353 et
1591 286 1805 367 vsrqim'

724 396 856 435 coesa
871 420 885 441 ,

1307 190 1630 247 HUGONIS
1675 188 1987 247 DONELLI
2030 187 2407 246 comm.

3213 0 3297 35 *5

3052 190 3148 254 ns

1884 295 2208 352 humanum.
2246 294 2493 353 Humani
2536 299 2715 352 autem
2754 297 2937 367 species
2979 306 3045 355 ent
3075 302 3150 373 jus

1880 374 2013 446 publ
2022 371 2183 431 icum.
2200 372 2449 444 Denique
2462 382 2645 445 aperte
2660 372 3042 446 distinguuntur
3053 377 3151 435 baec

647 460 780 517 Cum
805 461 1038 528 primum
1064 456 1258 513 Iliacas
1281 454 1464 513 Danau·
1487 457 1703 511 venistis
1728 454 1803 509 ad
1874 452 2001 525 jura
2019 493 2034 516 ,
2057 455 2328 518 divinum,
2352 462 2401 508 et
2414 452 2692 521 publicum
2717 452 2775 509 in
2806 453 2862 509 L.
2894 454 2983 509 ult.
3019 454 3070 511 C.
3100 458 3151 513 de

653 552 934 681 Saortrctlttine
959 614 1228 683 quoerendi
1249 612 1484 675 reditus,
1519 613 1806 683 animaque

721 694 985 749 litandum

651 769 921 843 Arqolica.

486 928 646 996 Quod
687 928 826 985 Deos
856 927 1175 992 coluerunt,
1211 924 1310 998 qui
1335 922 1429 981 Dii
1467 941 1578 981 non
1615 928 1799 991 erant,

484 1006 693 1078 publici
735 1006 963 1071 erroris,
1000 1014 1054 1063 et
1094 1004 1392 1078 impietatis
1427 1020 1620 1061 eorum
1674 1002 1802 1059 fuit.

483 1084 688 1141 Omnes
715 1084 808 1139 Dii
848 1084 1094 1156 gentium
1123 1085 1300 1141 idola:
1325 1082 1596 1139 Dominus
1619 1089 1803 1137 autem

483 1164 646 1219 coelos
689 1163 829 1220 fecit.
871 1164 1018 1221 Psal.
1071 1164 1164 1219 96.
1201 1161 1359 1229 Quod
1399 1166 1584 1217 autem
1624 1159 1801 1215 Deum

482 1241 706 1311 pietate,
730 1242 912 1307 cultu,
945 1248 998 1298 et
1038 1241 1292 1314 precibus
1328 1238 1564 1312 publicis
1602 1238 1810 1309 placari

481 1328 840 1385 censuerunt,
879 1326 1183 1377 statuerunt
1206 1319 1355 1392 quod
1398 1316 1677 1388 Prophetae
1714 1316 1811 1372 do-

485 1408 647 1463 cent,
671 1404 726 1455 et
751 1398 822 1454 ad
849 1400 998 1469 quod
1025 1398 1334 1455 faciendum
1361 1394 1558 1469 passim
1599 1411 1697 1452 nos
1721 1411 1809 1451 eo-

483 1492 608 1531 rum
647 1475 777 1532 libri
819 1478 1126 1534 hortantur.
1151 1476 1419 1547 Extatque
1441 1480 1662 1531 servatae
1702 1475 1815 1547 eju-

484 1553 659 1610 smodi
691 1555 1006 1627 poenitentia
1034 1556 1246 1613 Ninivae
1272 1553 1484 1611 illustre
1497 1554 1813 1624 exemplum

485 1634 633 1704 apud
673 1635 873 1690 Ionam
915 1634 1260 1707 Prophetam.
1303 1632 1484 1703 Atque
1526 1628 1656 1687 hinc
1696 1636 1807 1697 est,

478 1712 632 1782 quod
660 1712 928 1785 Ulpianus
953 1712 1096 1769 dixit
1122 1713 1210 1784 jus
1235 1710 1524 1783 publicum
1550 1708 1807 1766 consiste-

479 1806 538 1845 re
585 1788 645 1845 in
683 1792 847 1847 sacris
863 1832 879 1857 ,
919 1799 974 1847 et
1007 1790 1390 1847 sacerdonibus.
1431 1789 1542 1845 Cur
1577 1804 1704 1858 ergo
1745 1787 1803 1844 in

479 1866 564 1923 his
590 1908 605 1931 ‚
657 1885 780 1939 quae
830 1871 903 1926 ad
957 1869 1096 1925 Deos
1143 1866 1542 1941 pertinebant?
1593 1866 1803 1937 Nempe

475 1945 610 2015 quia
639 1944 712 2019 (t)
752 1947 812 2001 in
852 1945 940 2003 his
966 1949 1113 2005 salus
1138 1946 1519 2003 continebatur
1541 1943 1805 2009 civitatis,

481 2022 722 2094 ipsorum
747 2024 1024 2097 opinione.
1050 2026 1120 2081 Et
1156 2042 1278 2081 vere
1317 2024 1718 2087 contineretur,
1756 2022 1803 2079 si

474 2117 644 2172 quem
689 2102 864 2159 Deum
904 2104 1210 2175 oportebat,
1247 2109 1299 2160 et
1338 2102 1614 2181 quqmodo
1649 2116 1806 2173 opor-

476 2181 628 2236 tebat
644 2220 660 2247 ,
683 2182 988 2238 coluissent.
1013 2182 1172 2249 Quod
1197 2182 1295 2238 etsi
1323 2180 1519 2235 falsum
1548 2185 1694 2245 erat,
1720 2185 1799 2235 ta·

476 2273 603 2313 men
633 2260 702 2315 de
725 2260 994 2317 sententia
1022 2258 1249 2333 Ulpiani
1277 2258 1421 2315 nibil
1447 2260 1643 2313 mutat.
1655 2258 1799 2313 Nam

477 2340 530 2391 et
558 2337 695 2407 ipse,
723 2344 774 2392 et
806 2338 1040 2397 Romani
1065 2354 1252 2395 omnes
1277 2336 1466 2393 eodem
1491 2351 1669 2391 errore
1697 2334 1799 2391 im-

472 2413 594 2471 buti
623 2430 770 2471 veros
793 2432 849 2471 se
887 2416 1024 2473 Deos
1042 2457 1057 2483 ,
1095 2425 1146 2474 et
1187 2415 1392 2488 optimo
1432 2412 1590 2469 cultu
1625 2412 1798 2469 colere

471 2492 902 2550 arbitrabantur.

551 2571 649 2628 1v.
689 2572 824 2639 Sed,
851 2576 912 2630 ut
938 2572 1006 2628 de
1044 2571 1160 2630 veri
1185 2570 1286 2629 Dei
1322 2570 1476 2628 cultu
1515 2568 1630 2628 baee
1656 2567 1802 2626 dicta

469 2649 839 2721 accipiantur:
881 2651 1060 2707 videri
1101 2661 1284 2709 tamen
1327 2659 1550 2723 possunt
1599 2649 1673 2704 ad
1707 2647 1801 2718 jus

469 2726 772 2799 publicum·
809 2746 918 2786 non
959 2730 1208 2786 debuisse
1245 2727 1452 2784 referri.
1477 2727 1619 2782 Nam
1645 2732 1699 2781 et
1722 2741 1805 2782 sa-

467 2821 560 2861 cra
578 2849 593 2872 ‚
619 2811 671 2862 et
708 2809 1038 2871 sacerdotes,
1063 2809 1352 2880 omnisque
1380 2805 1480 2862 Dei
1505 2805 1689 2861 cultus
1713 2805 1795 2860 le·

465 2885 729 2956 gitimus,
769 2897 833 2942 ut
861 2885 958 2941 Dei
1001 2891 1112 2952 est,
1149 2887 1370 2957 Deoque
1411 2883 1668 2949 debetur,
1720 2885 1796 2940 ita

465 2971 546 3020 est
595 2973 650 3020 et
670 2963 812 3034 juris
851 2963 1062 3029 divini,
1103 2961 1292 3022 itidem
1331 2971 1393 3038 ut
1415 2967 1627 3026 caetera,
1668 2977 1793 3034 qum

465 3047 597 3097 sunt
622 3041 749 3110 Dei,
775 3049 839 3098 ut
864 3049 992 3100 ante
1017 3043 1301 3100 docuimus
1325 3041 1386 3098 in
1423 3042 1552 3112 Cap.
1577 3041 1641 3097 de
1661 3042 1791 3111 juro

464 3121 668 3176 divino.
707 3121 767 3177 Si
812 3120 989 3178 divini
1021 3122 1191 3195 juris,
1241 3137 1351 3176 non
1393 3126 1520 3176 sunt
1561 3118 1789 3190 publici.

467 3195 602 3254 Toto
639 3199 790 3256 enim
831 3215 1028 3270 genere
1067 3201 1272 3257 distant
1311 3197 1566 3255 divinum
1611 3195 1701 3267 jus
1738 3205 1791 3254 et

467 3335 582 3403 267.
615 3336 894 3401 Homines,
927 3337 1130 3406 inquit,
1153 3337 1284 3389 olim
1311 3336 1678 3398 immolarunt,
1696 3349 1795 3385 aas·

463 3413 528 3464 pe
553 3401 716 3450 etiam
741 3399 902 3467 Reges
923 3405 1159 3455 sobolem
1189 3419 1361 3464 suam,
1384 3417 1490 3451 non
1517 3400 1659 3466 quod
1682 3400 1797 3452 baec

465 3465 562 3518 Dii
604 3467 972 3532 poposcerint,
1006 3469 1096 3519 aed
1118 3475 1178 3518 ut
1213 3466 1609 3533 indignationes
1643 3465 1796 3516 mali·

462 3547 684 3596 gnorum
711 3531 980 3596 geniorum
1007 3540 1333 3595 averterent,
1351 3548 1410 3583 ac
1439 3531 1609 3592 diros,
1631 3540 1686 3581 et
1714 3531 1796 3596 in-

462 3611 618 3646 sanos
653 3595 950 3648 daemonum
987 3598 1243 3649 satiarent
1275 3611 1499 3649 amores.
1531 3595 1798 3646 Humanis

462 3667 640 3711 autem
676 3660 868 3711 hostiis
901 3679 1014 3712 aras
1055 3665 1346 3714 funestasse
1381 3663 1627 3729 leguntur
1661 3660 1794 3711 otim

459 3723 677 3790 Scyth&
698 3764 715 3789 ,
743 3726 945 3777 Herod.
983 3730 1097 3780 ,¹5⁸5-
1145 3727 1194 3792 4.
1238 3745 1371 3799 pag.
1417 3747 1486 3778 m.
1509 3725 1626 3776 322.
1649 3723 1790 3776 Tau-

461 3794 511 3842 ri
539 3792 758 3858 Scythis
779 3792 1026 3855 finitimi,
1045 3791 1245 3844 Herod.
1267 3792 1329 3843 d.
1355 3793 1471 3846 Lib.
1493 3789 1546 3854 4.
1569 3810 1790 3861 pag-m·

459 3859 577 3910 338.
603 3857 790 3920 Neuri,
816 3851 996 3909 Solio.
1023 3859 1304 3926 Polyhz'st.
1327 3863 1393 3912 C.
1411 3853 1789 3922 25.Carthagi-

457 3923 668 3973 nienses
685 3962 704 3986 ,
765 3923 818 3973 ui
843 3931 896 3974 ct
924 3924 1118 3974 liberos
1139 3921 1527 3984 sacrificarunt,
1549 3918 1697 3972 Plut.
1719 3921 1789 3972 de

459 3993 700 4060 Supersz.
706 3941 772 4058 J
785 4009 855 4040 m.
875 3989 986 4041 168.
1003 3993 1134 4040 etin
1153 3987 1508 4103 Aposshtgfol.
1528 4003 1638 4054 ¹7¹·
1652 3985 1789 4038 etde

458 4059 598 4107 Sera
627 4057 784 4106 Num.
803 4055 952 4107 vind.
976 4055 1041 4124 f.
1065 4053 1252 4124 379·(u
1291 4071 1309 4102 ι
1326 4053 1465 4103 huuc
1479 4068 1681 4103 morem
1702 4065 1791 4101 eoa

456 4138 485 4169 a
515 4117 728 4171 Gelone
779 4118 1028 4170 dedoctus
1078 4119 1299 4188 refert),
1333 4115 1480 4170 Galli
1537 4115 1655 4168 cic.
1688 4135 1791 4188 pro

461 4186 714 4256 Fomejo,
748 4180 891 4235 Plut.
926 4186 998 4238 de
1023 4189 1268 4253 Superst.
1289 4185 1352 4256 f.
1389 4182 1505 4234 168.
1529 4180 1787 4248 Pompon-

456 4246 602 4300 Mela
640 4251 755 4301 Lib.
781 4251 831 4301 3.
861 4251 931 4302 de
955 4254 1076 4305 Sicu
1103 4251 1220 4302 orb.
1242 4269 1375 4320 pag.
1399 4267 1468 4300 m·
1499 4249 1581 4317 76·
1607 4245 1787 4300 Solin-

455 4315 742 4383 POthl-Sla
782 4321 845 4369 C-
880 4316 963 4380 35·
1000 4313 1133 4366 Bud-
1175 4331 1219 4366 ιι
1259 4317 1328 4368 de
1350 4319 1484 4386 Rept
1524 4315 1665 4390 5⁸·p⁸
1703 4312 1787 4389 540

455 4377 632 4455 Quem
663 4379 1030 4456 detestabilem
1083 4381 1248 4432 ritum
1287 4381 1410 4432 illos
1445 4398 1473 4430 a
1507 4377 1787 4430 Britannis

455 4443 1174 4585 ἒξῖῗ·ῗζὶ.ῗὲξ“ἷ.ξ’ὲῗ.ῒ·.
1193 4443 1787 4578 ’,;..’ῗ.’,ἵῑ·ί;.;.“ἕ.’ἒ.ΐ;.ῗ;

456 4576 722 4624 immolari
758 4577 1010 4638 sueviss'e,
1034 4576 1200 4627 refert
1231 4595 1295 4630 ex
1327 4575 1564 4628 minutio
1609 4573 1787 4628 Felice

438 4637 513 4707 ‘in
550 4633 780 4714 Octaui-rio
813 4639 964 4690 Raev.
1003 4643 1051 4692 3.
1087 4647 1336 4714 Conject.
1367 4657 1412 4692 ι.
1449 4639 1524 4692 Et
1545 4640 1787 4710 proxime

455 4717 715 4765 superiora
750 4711 900 4755 aetate
925 4704 1189 4758 Mcxicani
1224 4706 1372 4773 regni
1401 4709 1614 4768 incoloe,
1639 4703 1785 4754 Petr.

457 4761 640 4818 Bemb·
675 4772 888 4822 Histor-
941 4777 1132 4825 Venet-
1169 4775 1286 4826 Lib.
1319 4771 1375 4824 6.
1415 4770 1542 4824 Joh.
1593 4770 1785 4824 Metel.

1881 548 2019 588 sacr.
2042 532 2217 589 eccles.
2244 532 2315 588 Et
2339 546 2449 586 non
2474 532 2619 587 male
2646 530 2975 595 defendetur,
3010 531 3159 589 diven-

1880 610 1955 669 sis
1994 608 2296 666 rationibus
2334 624 2481 679 posse
2519 609 2623 665 ista
2650 612 2723 665 ad
2756 610 3028 681 utrumque
3062 610 3158 667 sine

1881 688 2021 746 vitio
2046 687 2343 746 transferri.
2366 686 2423 744 Si
2448 688 2598 759 quod
2624 686 2723 743 Dei
2748 693 2851 749 est,
2872 694 3161 759 spectamus:

1882 782 1995 824 non
2020 769 2093 825 ad
2118 768 2269 824 aliud
2294 766 2387 838 jus
2416 782 2595 831 sacra,
2632 772 2685 823 et
2718 767 2997 823 sacerdotes
3018 764 3158 839 perti-

1884 852 2046 911 nent,
2080 863 2253 919 quam
2280 847 2350 902 ad
2376 844 2665 902 divinum:
2700 844 2747 903 si
2773 841 3051 901 utilitatem
3072 860 3153 915 pu-

1886 925 2117 991 blicam,
2158 940 2281 997 quoe
2318 941 2385 981 ex
2426 922 2515 980 bis
2540 922 3161 997 pemipitur,etquamli·

1882 1004 2054 1062 thnici
2099 1006 2206 1061 sere
2244 1000 2592 1075 spectabant;
2617 1002 2759 1059 nihil
2788 1006 2926 1059 vetat
2950 1018 3006 1056 ea
3029 1000 3171 1055 etiam

1881 1084 1951 1139 ad
1991 1084 2273 1155 publicum
2324 1087 2525 1139 statum
2576 1079 2765 1137 referri
2784 1122 2801 1145 ‚
2840 1095 3006 1152 eoque⁴
3046 1077 3171 1143 dici,

1879 1166 1933 1217 et
1974 1162 2033 1217 in
2062 1162 2148 1219 his
2171 1162 2261 1234 jus
2287 1160 2572 1233 publicum
2598 1159 2909 1224 consistere,
2934 1156 3169 1229 qwniam

1886 1256 1984 1311 per
2038 1238 2149 1297 lmaec
2202 1238 2505 1313 respublica
2558 1244 2701 1294 stare
2752 1237 3061 1293 credebatur
3074 1274 3088 1299 ,
3118 1248 3173 1288 ae

1884 1319 2001 1375 sine
2026 1320 2113 1376 his
2140 1320 2389 1376 futurum
2412 1334 2552 1382 esse,
2590 1326 2653 1372 ut
2694 1316 2849 1372 brevi
2886 1313 3171 1369 cuncideret.

1886 1396 1965 1452 Dc
2000 1398 2126 1469 jure
2164 1412 2441 1455 sacrorum
2456 1436 2472 1461 ,
2496 1404 2549 1452 et
2572 1395 2914 1452 sacerdotum
2936 1391 3067 1465 quid
3084 1407 3175 1447 ser-

1891 1476 2133 1532 vandum
2188 1476 2291 1541 sit,
2342 1490 2507 1546 supra
2549 1471 2608 1529 in
2646 1474 2791 1546 iuris
2826 1470 3011 1531 divini·
3034 1468 3179 1541 expli-

1888 1555 2101 1612 catione
2128 1553 2385 1611 diximus.

1961 1634 2033 1689 V.
2082 1633 2431 1690 Incommoda
2488 1632 2732 1688 humana
2784 1626 3183 1699 rerumpublica-

1884 1726 2010 1768 rum
2066 1710 2495 1769 incolumitatem
2550 1709 2925 1783 oppugnantia
2942 1748 2958 1773 ‚
3008 1704 3181 1778 partim

1880 1796 2011 1846 sunt
2036 1796 2255 1847 externa
2271 1831 2286 1855 ,
2311 1790 2510 1861 partim
2539 1788 2755 1845 interna
2770 1826 2787 1851 ,
2824 1796 2880 1844 et
2904 1782 3183 1843 domestica.

1957 1869 2055 1923 vl.
2108 1870 2347 1925 Externa
2397 1874 2525 1925 sunt
2566 1868 2639 1923 ab
2694 1866 2959 1923 hostibus.
3018 1864 3185 1920 Hostts

1880 1952 2064 2017 aperte
2100 1948 2169 2003 ad
2211 1946 2545 2017 perniciem,
2584 1952 2638 2001 et
2678 1944 2921 2001 exitium
2962 1949 3189 1999 nostrum

1879 2024 2155 2081 feruntur:
2194 2026 2265 2081 ad
2306 2024 2476 2079 vitam
2516 2022 2749 2096 quidem
2776 2020 3191 2094 eripiendam,5i

1880 2102 2207 2161 resistimus:
2248 2104 2320 2159 ad
2375 2102 2719 2175 eripiendam
2781 2100 3121 2163 libertatem,
3152 2096 3193 2161 si

1876 2180 2150 2253 capim-ur:
2174 2182 2233 2238 in
2264 2180 2578 2239 universum
2604 2186 2795 2237 autem
2840 2180 2913 2236 ad
2946 2179 3192 2235 bonorum

1877 2264 2181 2316 nostrorum
2210 2259 2567 2331 direptionem
2588 2300 2604 2325 ,
2638 2268 2695 2315 et
2720 2260 3075 2327 eversionem.
3101 2257 3197 2312 Au-

1876 2336 2075 2393 xilium
2118 2340 2370 2395 adversus
2422 2336 2521 2395 hos
2560 2347 2639 2394 est
2690 2338 2755 2393 in
2814 2338 2969 2393 bello
2996 2377 3010 2401 ,
3060 2341 3201 2405 atque

1873 2415 2067 2480 armis,
2117 2423 2171 2473 et
2222 2432 2335 2473 uno
2374 2415 2540 2472 verbo
2579 2416 2639 2472 in
2682 2433 2743 2472 re
2784 2415 3053 2472 militari.
3094 2412 3199 2479 Qua

1879 2496 1946 2550 de
1998 2510 2183 2551 caussa
2238 2494 2585 2551 existimatur
2620 2502 2676 2550 et
2717 2510 2811 2551 res
2850 2492 3106 2549 militaris
3142 2488 3202 2544 ad

1877 2571 1967 2644 jus
2007 2574 2293 2644 publicum
2334 2574 2622 2645 pertinere.
2676 2572 2845 2630 Certe
2900 2573 3067 2645 hujus
3100 2584 3204 2642 par-

1877 2650 1950 2707 tis
1988 2653 2239 2708 tractatio
2279 2658 2397 2724 post
2435 2652 2687 2708 Titulum
2714 2651 2799 2708 De
2832 2655 2971 2722 jure
2993 2650 3104 2721 fisci
3134 2649 3207 2703 in-

1878 2733 1963 2785 ter
2000 2745 2089 2795 ca,
2126 2747 2251 2802 quai
2287 2735 2419 2787 sunt
2464 2729 2606 2802 juris
2622 2730 2891 2802 publici,
2938 2729 3109 2786 relata
3143 2731 3211 2782 es

1874 2806 1937 2863 in
1977 2807 2279 2867 pandectas
2325 2809 2429 2864 Tit.
2454 2808 2531 2866 De
2562 2810 2835 2879 captives,
2878 2818 2935 2865 et
2964 2808 3214 2879 pestiis&-

1872 2888 1966 2942 m'o
1988 2890 2249 2954 τουπ-εἰη
2280 2889 2384 2944 Tit.
2410 2885 2487 2943 De
2512 2903 2572 2942 re
2608 2887 2854 2943 mlum-⁸·
2868 2927 2887 2954 ,
2922 2896 2983 2945 et
3016 2886 3213 2958 aliquot

1868 2965 2222 3036 sequentibus
2244 2965 2489 3038 ejusdem
2518 2966 2870 3034 argumenti.
2950 2989 2957 2996 ·
3010 2981 3015 2986 ·

1946 3043 2073 3099 vn.
2118 3042 2471 3100 Incommode
2510 3041 2733 3099 interna
2758 3085 2778 3109 ‚
2814 3053 2881 3101 et
2924 3039 3210 3100 domestica

1868 3119 2150 3177 civitatum
2178 3129 2377 3179 statum
2420 3121 2739 3178 infestantia
2770 3134 2916 3180 sunt
2944 3121 3064 3180 baec
3086 3118 3183 3176 tria
3204 3157 3219 3184 ι

1868 3199 2158 3267 maleficia3
2202 3199 2343 3265 lites,
2380 3206 2434 3257 et
2468 3201 2865 3258 controversia
2888 3199 3105 3258 civium
3144 3198 3221 3254 in·

1876 3343 1938 3392 in
1973 3337 2215 3456 Ρνέΐαε.
2252 3339 2327 3392 ad
2364 3340 2515 3392 libb.
2548 3340 2729 3394 Hier..
2758 3344 2963 3394 Osos-ii
2990 3341 3063 3392 de
3108 3339 3220 3392 neh.

1876 3417 2017 3472 gest.
2103 3405 2465 3466 mmanuelis,
2498 3417 2600 3456 etc.
2634 3403 2733 3470 qui
2780 3403 2844 3455 iu
2887 3405 3027 3462 urbe
3058 3401 3223 3456 Temi·

1875 3468 2051 3585 {timp
2075 3468 2393 3585 quotannisffi
2382 3467 2577 3534 viginti
2595 3468 2901 3585 Ἇῗᾶιίυιιιζι
2928 3469 3105 3521 millia
3124 3469 3223 3519 dia.

1873 3541 2291 3672 ..3¹33ssss
2314 3549 2479 3650 21:¹¹³
2484 3539 2558 3649 t?
2581 3535 2861 3672 cap.‘‚.v
2860 3535 3047 3672 3251?
3046 3555 3225 3649 25:ssss

1874 3660 2107 3731 Jephtab
2144 3665 2343 3728 legitur
2377 3663 2563 3716 audie.
2604 3675 2684 3712 ιι.
2732 3665 2918 3718 utinm
2954 3665 3228 3721 sacrificas·

1867 3744 1939 3781 se:
1979 3729 2109 3780 licet
2154 3735 2430 3780 mactatam
2486 3728 2714 3794 Joaeph.
2772 3734 2907 3786 Lib.
2956 3733 3011 3783 5.
3058 3735 3229 3798 Antae’q.

1868 3797 2003 3850 Jud.
2038 3799 2103 3849 C.
2150 3809 2233 3844 ιι..
2277 3791 2477 3844 Sabell.
2512 3793 2791 3848 Ennead.
2836 3809 2889 3846 Ι.
2932 3799 3057 3852 lib.
3088 3794 3140 3845 6.
3170 3793 3229 3842 ad

1868 3879 2009 3911 aram
2048 3874 2147 3926 pro
2180 3859 2355 3910 hostia
2386 3859 2723 3910 immolatam
2767 3867 3100 3916 autument:
3130 3857 3233 3911 Be·

1867 3925 2001 3976 braei
2028 3932 2204 3975 tamen
2240 3921 2451 3992 quidam
2486 3923 2543 3974 id
2582 3921 2658 3976 ita
2706 3923 3083 3993 intelligunt,
3138 3925 3235 3976 uod

1867 3991 2015 4042 inter
2050 3989 2168 4042 Deo
2198 3990 2402 4041 dicatas
2434 3987 2673 4064 virgines
2712 3997 2953 4042 tantum
2994 4009 3097 4045 con
3152 4007 3235 4040 usa

1868 4057 2057 4119 fuerit,
2090 4062 2145 4106 et
2178 4055 2255 4107 sic
2292 4071 2356 4106 ex
2388 4053 2663 4108 hommum
2694 4058 3007 4122 societate,
3041 4065 3102 4109 et
3130 4055 3239 4107 vita

1869 4120 2137 4238 ff'mnlmlllti
2153 4157 2173 4183 ,
2196 4119 2580 4237 relutii‘ignorte
2602 4159 2623 4184 ,
2642 4121 2879 4174 sublata
2898 4159 2923 4184 ,
2956 4131 3029 4204 nt
3072 4122 3239 4174 refert

1865 4205 2009 4324 ..¹⁰1⁰
2036 4221 2077 4300 ⁹.
2110 4201 2309 4322 3254.
2334 4189 3151 4319 Qahff’zz'z’ss‘tfflffifs
3172 4201 3240 4304 ἆὲ

1872 4321 1999 4392 Rep.
2071 4351 2086 4366 .
2147 4351 2161 4365 .
2190 4316 2273 4367 55.
2294 4312 2401 4367 Sed
2426 4315 2537 4366 hoec
2572 4315 2954 4370 Hebrum-um
2980 4317 3243 4384 expositio

1866 4383 1981 4434 vim
2012 4398 2107 4434 ver
2148 4384 2193 4434 is
2224 4380 2374 4445 facit3
2408 4385 2465 4429 et
2498 4383 2667 4431 cuivis
2692 4419 2712 4442 ,
2752 4384 2807 4434 si
2848 4385 3151 4450 confingat.
3183 4381 3243 4434 d.

1864 4453 1928 4502 C.
1969 4465 2049 4498 ιι.
2089 4453 2157 4501 V.
2196 4448 2280 4498 31.
2312 4461 2433 4497 cum
2474 4451 2545 4498 V.
2564 4447 2649 4513 39.
2672 4446 2859 4501 facile
2886 4449 3094 4516 liquet.

1926 4515 2005 4578 (4)
2038 4512 2227 4564 Totius
2275 4513 2423 4563 enim
2462 4513 2746 4565 societatis
2802 4515 3067 4565 humanm
3120 4515 3245 4565 fun-

1864 4577 2169 4630 damentum
2204 4585 2285 4628 est
2310 4574 2523 4642 religio.
2554 4575 2669 4628 Cic.
2704 4595 2763 4630 ι.
2788 4580 2870 4633 de
2899 4583 3049 4634 Ναι-
3076 4583 3249 4634 Deor.

1866 4641 2043 4694 Arist.
2081 4659 2129 4712 7.
2168 4641 2414 4698 Potiu&
2443 4638 2682 4692 Primum
2724 4643 2797 4696 in
2838 4644 3133 4712 republica
3169 4651 3250 4694 est

1866 4709 2069 4760 curatio
2092 4725 2267 4760 rerum
2304 4705 2629 4763 divinarum.
2664 4707 2819 4765 vid.
2852 4709 2925 4762 P.
2952 4709 3131 4778 (ἔτος.
3172 4723 3249 4760 12-

1868 4773 1935 4828 de
1972 4777 2102 4842 Περ.
2137 4774 2189 4840 4.
