3327 5214
596 0 645 15 ’ὴ
670 0 689 6 ”
760 0 847 15 “δ“““.”“
854 1 867 4 “

179 209 270 274 1⁴29

179 307 408 380 madonis,
431 317 514 366 ant
525 323 586 363 ex
609 307 993 371 incertitudine
1025 314 1262 372 natum,
1293 323 1416 379 quse

182 393 288 448 inest
317 387 368 446 in
401 403 457 442 ea
482 401 550 450 re,
569 385 631 442 de
653 400 771 456 qua
789 387 878 456 jus
899 385 1170 442 statuitur.

234 469 310 522 tv.
339 465 412 522 Ex
435 463 771 534 ambiguitate
797 463 1112 525 verborum,
1150 477 1276 518 cum
1304 477 1418 518 ver-

180 548 281 602 bum
305 543 456 616 ipsum
480 558 660 606 unum,
676 549 772 598 aut
796 542 1306 615 plura.ambigttttm
1322 551 1416 605 est,

177 624 219 680 id
239 631 300 679 eit
319 623 455 694 plura
477 620 752 692 significat·

235 703 294 757 V.
326 699 420 756 Hic
441 699 669 771 primum
695 697 1030 769 praecipitur,
1053 695 1126 769 (3)
1163 713 1198 752 a
1235 695 1420 753 verbo-

173 795 268 915 :lu'm
299 775 783 926 fflcatiffld
821 784 898 832 est
922 774 1268 847 proprietate,
1305 790 1415 908 ιξιὲη

215 867 294 914 tter
463 874 480 911 ι
515 871 548 910 o
765 893 780 916 ,
857 869 984 909 uam
1021 868 1150 908 cum
1193 868 1320 908 man
1365 869 1418 906 e-

172 945 282 994 sum
301 943 396 996 est,
425 932 570 990 aliud
609 870 852 988 sensisseq
869 932 1198 1004 scriptorem.
1237 929 1320 988 De
1343 938 1418 985 te-

170 1023 324 1072 sutore
345 1012 438 1068 hoc
458 1012 716 1082 scriptum
741 1008 900 1066 estin
929 1007 992 1064 L.
1021 1025 1130 1064 non
1155 1011 1330 1076 alitor,
1357 1007 1424 1062 D.

167 1095 214 1149 ds
232 1093 370 1161 109oe-
392 1089 443 1146 3.
465 1089 567 1146 Sed
595 1087 770 1144 multo
793 1087 966 1158 magis
989 1087 1060 1144 ad
1097 1083 1428 1157 legislatores

167 1168 382 1243 pertinet,
404 1167 496 1238 qui
531 1165 892 1236 intelligentes
923 1181 1052 1222 cum
1090 1165 1198 1220 siut
1226 1204 1241 1227 ,
1277 1171 1332 1220 et
1363 1163 1426 1220 in

169 1261 404 1304 commune
447 1245 580 1318 quid
631 1241 974 1316 praecipiant,
1021 1252 1078 1300 et
1113 1244 1427 1298 consulant:

40 1347 42 1392 ξ
167 1326 270 1382 dent
300 1339 532 1396 operam,
557 1331 618 1378 ut
641 1337 814 1394 quam
851 1321 1090 1378 maxime
1123 1319 1432 1390 significan-

40 1395 42 1410 ’
163 1413 238 1469 ter,
255 1411 302 1458 et
320 1401 580 1474 perspicue
619 1400 936 1471 loquantur,
959 1406 1022 1456 ut
1047 1398 1426 1470 intelligantur

163 1480 314 1542 abiis.
347 1479 542 1552 quibus
590 1477 901 1534 consultum
919 1517 934 1541 ,
967 1485 1022 1532 et
1055 1491 1192 1548 quos
1213 1475 1426 1532 eosdem

161 1559 242 1631 legi
276 1574 444 1630 parere
469 1557 688 1618 volunt.
720 1571 786 1611 ac
820 1564 1036 1627 propter
1077 1552 1328 1626 peritiam
1353 1553 1434 1608 lo-

159 1636 350 1708 quendi,
372 1643 424 1692 et
454 1633 763 1692 doctrinam
801 1648 986 1690 rerum
1024 1633 1197 1696 multo
1223 1629 1435 1688 facilius

163 1714 206 1770 id
230 1713 456 1786 consequi
482 1719 722 1784 possum
744 1723 911 1783 quam
927 1709 1123 1781 privati
1150 1717 1436 1766 testatores.

41 1791 43 1794 ⁴
163 1791 288 1848 [inde
309 1791 690 1863 intelligimus,
729 1790 773 1846 si
799 1787 1024 1845 verbum
1053 1789 1198 1844 idem
1225 1786 1438 1858 proprie

40 1897 43 1928 ι
159 1872 266 1940 quid
291 1870 558 1940 significet,
581 1877 638 1925 et
663 1867 814 1925 aliud
841 1865 1166 1940 improprio,
1187 1880 1284 1922 seu
1306 1866 1439 1920 abu-

158 1949 256 2012 sue,
279 1950 538 2020 pann-iam
561 1945 1018 2018 significationem
1043 1943 1192 2001 verbi
1217 1958 1442 2015 sequen-

160 2027 261 2082 dam
295 2044 410 2083 rme.
447 2025 550 2081 Sed
593 2027 730 2089 hoe,
765 2032 828 2080 ut
850 2023 968 2080 dixi
1007 2023 1298 2086 hactenus,
1334 2020 1440 2078 nisi

159 2115 388 2177 appareat,
409 2103 562 2160 aliud
589 2105 812 2160 sensisse
835 2104 1026 2172 legem.

215 2185 296 2241 Vl.
333 2183 418 2239 An
467 2182 726 2250 senserit,
775 2180 860 2238 his
895 2178 1237 2251 conjecturis,
1271 2187 1440 2250 atquo

40 2293 42 2298 ·
159 2259 239 2315 hoe
271 2263 452 2318 ordine
488 2260 896 2334 explorandum
929 2268 1023 2316 est.
1055 2257 1442 2314 Antecedentia

40 2383 43 2406 =
159 2339 294 2410 ipsius
315 2339 466 2410 legis,
503 2349 570 2396 et
593 2339 871 2410 srquentia
907 2337 968 2393 in
993 2335 1184 2408 primis
1206 2345 1444 2408 spectan-

40 2421 42 2448 ²
155 2417 220 2472 da.
253 2420 321 2474 Ex
347 2419 430 2475 his
455 2417 792 2486 ambiguitas
825 2431 962 2488 saepe
1003 2413 1320 2484 explicatur.
1356 2413 1440 2470 Ex

40 2539 42 2546 .
155 2497 566 2566 precedentibus,
591 2503 651 2550 ut
691 2495 750 2551 in
793 2495 858 2552 L.
884 2495 936 2550 1.
975 2493 1044 2551 D.
1083 2493 1148 2549 de
1173 2491 1294 2548 bon.
1332 2509 1438 2550 eor.

40 2569 42 2604 ²
152 2576 328 2643 Νῶε·
365 2583 517 2631 m.
578 2590 742 2630 conec.
785 2571 880 2630 ubi
925 2571 982 2629 in
1038 2567 1146 2639 ina,
1173 2569 1442 2627 oratione:

40 2652 43 2735 ξ
158 2650 392 2723 Principes
439 2654 826 2723 iqnomdum
863 2655 915 2709 ei
953 2644 1316 2723 putaverunt,
1349 2652 1446 2721 qui

40 2742 42 2761 ¹
151 2734 420 2801 maiam
484 2748 652 2788 suum
691 2730 924 2801 qualiter
959 2729 1192 2803 qualiter
1244 2729 1446 2783 redem-

149 2816 272 2875 ptum
303 2810 498 2873 voluit,
545 2809 776 2865 verbum
816 2811 1098 2879 sanguinis
1135 2822 1202 2863 cx
1253 2820 1446 2877 praecc-

153 2884 365 2944 dentibus
429 2886 768 2957 intelligitur
822 2902 932 2942 non
987 2900 1144 2957 poena
1205 2882 1441 2956 cujusvis

153 2965 412 3022 amissionis
435 2964 748 3035 sanguinis.
765 2966 857 3019 sed
887 2964 1093 3028 mortis,
1113 2964 1354 3035 quatiat,
1380 2970 1442 3019 ut

153 3042 498 3115 tutussanguis
543 3044 844 3115 amittatur.
870 3042 954 3099 Ex
979 3041 1344 3112 sequentibus,
1383 3049 1442 3097 ut

40 3116 42 3153 ³
153 3120 198 3175 in
217 3121 674 3179 senatusconsulto
713 3121 782 3176 de
809 3118 1066 3192 petitione
1090 3118 1416 3175 boercditatis
1431 3156 1446 3182 ,

40 3200 43 3265 ξ
155 3198 228 3253 nbi
259 3202 476 3257 verbum
519 3202 802 3269 pervenire
837 3196 1046 3269 alioqui
1084 3196 1405 3268 ambiguum
1431 3236 1448 3261 ,

40 3270 43 3345 ζ
153 3278 268 3347 qnod
293 3288 366 3335 ost
399 3279 460 3335 in
507 3276 612 3333 illa
639 3277 881 3333 clausula
900 3317 915 3339 ,
960 3278 1084 3331 item
1111 3278 1345 3345 placere,
1381 3290 1446 3331 ex

40 3366 42 3417 ζ
151 3357 358 3425 sequenti
399 3356 658 3413 clausula
693 3352 996 3425 explicatur
1035 3353 1094 3411 in
1137 3354 1200 3409 Ι..
1238 3360 1451 3415 utrum,

40 3422 43 3497 5
161 3432 212 3485 D.
233 3435 288 3490 de
315 3442 426 3504 pet.
449 3436 572 3489 ner.
610 3432 732 3501 Quo
769 3432 948 3489 verius
981 3448 1092 3489 esse
1129 3430 1454 3501 intelligitur

40 3562 42 3581 ,
155 3508 272 3568 illud
287 3552 302 3575 ,
323 3512 476 3585 quod
501 3526 648 3582 saepe
685 3510 942 3573 diximus,
963 3508 1184 3567 incivile
1215 3524 1324 3565 esse
1347 3510 1454 3566 nisi

158 3595 243 3644 tota
289 3592 398 3679 ¹¹3⁰
437 3600 746 3661 perspecta,
799 3604 911 3643 una
954 3588 1142 3660 aliqua
1169 3586 1447 3660 particula

157 3676 408 3739 μωροωω,
441 3668 694 3739 judicare
709 3708 726 3731 ,
751 3668 832 3721 vel
861 3666 1180 3737 respondere
1195 3706 1210 3731 ,
1235 3667 1298 3722 L.
1319 3667 1450 3722 inei-

40 3752 42 3813 5
155 3746 252 3809 tile,
273 3748 338 3803 b.
361 3750 428 3805 ds
455 3746 620 3815 legib.
645 3761 772 3802 cum
801 3743 1092 3809 videamus,
1115 3743 1227 3801 sive
1249 3743 1319 3801 de
1343 3742 1446 3799 mi-

40 3860 43 3879 ,
161 3825 360 3889 suenda,
383 3824 702 3895 augendave
741 3822 928 3894 aliqua
953 3822 1214 3887 oratione,
1237 3838 1360 3894 quae
1385 3821 1452 3877 in-

157 3900 307 3973 sinua
331 3914 488 3975 parte
513 3912 780 3967 occurrat,
807 3901 920 3959 sive
941 3901 1008 3957 de
1033 3900 1323 3957 verborum
1349 3900 1446 3957 ali-

40 4022 42 4057 {
160 3980 280 4050 euius
321 3981 590 4037 orationis
626 3980 892 4037 sententia
943 3988 1136 4051 agatur
1150 4020 1167 4045 ,
1216 3996 1284 4035 cx
1323 3980 1450 4037 aliis

161 4060 370 4125 artibus
392 4060 534 4131 legis
555 4059 968 4130 explicationem
993 4057 1138 4115 sumi
1165 4073 1332 4129 posse.

215 4137 326 4195 vu.
365 4139 424 4195 Si
455 4156 526 4195 ex
565 4136 988 4210 precedentibus
1005 4179 1019 4201 ,
1057 4145 1153 4194 aut
1185 4135 1452 4209 sequenti-

165 4208 241 4269 hts
259 4216 399 4272 nibil
425 4216 592 4273 datur
631 4217 702 4274 ad
727 4216 1252 4288 interpretationem:
1278 4214 1457 4287 proxi-

203 4386 266 4461 (3)
293 4388 638 4442 Nomotbetae
665 4389 835 4452 enim,
868 4396 924 4439 et
947 4388 992 4439 1.
1020 4388 1085 4441 C.
1121 4389 1294 4441 nostri
1321 4406 1444 4455 pro-

165 4456 370 4514 prietatis
407 4456 692 4507 ven-borum
725 4453 1112 4523 religiosissimi
1143 4455 1448 4507 observato-

167 4518 437 4585 'tacui-c.
475 4523 533 4571 in
569 4526 631 4575 L.
663 4522 717 4573 8.
752 4536 804 4573 ec
838 4538 983 4598 seqq·
1017 4524 1094 4575 D.
1139 4520 1208 4573 de
1235 4538 1444 4594 ‘ez-cus.

170 4594 247 4630 tut.
275 4593 324 4634 et
368 4600 598 4635 summos
647 4604 826 4637 eorum
870 4602 1012 4637 circa
1066 4592 1449 4653 proprietatem

167 4648 416 4699 verborum
450 4650 598 4703 tabor
620 4660 720 4703 est.
743 4652 922 4703 Conn-
941 4654 994 4702 3.
1018 4656 1216 4705 Comm-
1237 4666 1288 4700 2.
1315 4670 1370 4701 n.
1403 4666 1421 4699 1
1437 4684 1450 4697 .

169 4709 294 4841 ἔξιτε
319 4714 430 4831 ι1.;ιί.ει
449 4755 471 4779 ,
500 4733 612 4783 quae
671 4720 838 4771 refert
871 4717 1047 4771 Forat.
1091 4718 1214 4771 obs.
1259 4719 1452 4769 succis·

469 4876 604 4931 Tom.
645 4874 687 4931 Ι.

851 203 946 260 nn
981 200 1165 262 man
1203 187 1424 261 cnm
1464 201 1598 261 ms.
1636 203 1679 260 1.
1720 203 1873 260 cst».
1912 203 2033 260 xv.

2696 205 2809 266 130

1493 322 1646 364 mum
1670 315 1749 364 est
1774 338 1790 370 s
1831 318 1890 363 ut
1930 307 2235 370 videamus,
2260 323 2393 362 num
2420 310 2555 380 quid
2598 327 2664 365 ex
2702 310 2811 370 his,

1491 399 1616 457 quoe
1643 395 2039 455 proponuntur,
2060 385 2177 441 sine
2204 385 2330 442 vitio
2356 387 2463 442 dici
2494 405 2603 443 non
2632 387 2809 458 mssit.

1494 464 1553 518 Si
1580 479 1689 518 uon
1722 471 1902 533 mtest:
1924 462 2073 533 quod
2098 465 2205 518 tale
2228 464 2363 526 erit,
2399 464 2455 520 id
2492 481 2603 521 non
2628 481 2813 535 seque-

1495 557 1637 596 mur.
1663 539 1745 596 Ex
1770 557 1883 612 quo
1908 541 2253 612 relinquitur,
2292 552 2353 600 ut
2376 543 2612 602 alterum
2648 545 2808 615 cuju-

1492 635 1751 690 scumque
1786 619 1933 676 modi
1957 618 2077 682 crit,
2114 635 2421 689 sequamur.
2456 622 2521 677 ln
2562 639 2673 693 quo
2698 629 2813 677 ute-

1496 713 1622 753 mur
1647 698 1833 767 regula
1861 697 1937 764 Ι..
1959 701 2019 752 in
2046 697 2317 766 ambiyua,
2356 699 2424 754 D.
2448 699 2517 756 de
2557 699 2716 770 legib.
2746 699 2809 752 Iu

1493 775 1751 844 ambioso
1772 792 1891 830 voce
1931 777 2065 844 leuis
2104 793 2169 831 ea
2186 779 2365 845 potitis
2398 781 2703 848 accipianda
2738 785 2817 832 est

1491 853 1811 922 significatio
1824 893 1839 916 ,
1860 867 1977 922 qua·
1998 856 2129 908 vitio
2164 863 2309 910 caret
2323 861 2349 907 .··
2365 859 2655 924 pra-sertim
2688 871 2813 910 cum

1491 933 1651 989 otiam
1689 933 1937 986 voluntas
1974 933 2109 1000 leuis
2156 947 2227 988 ea·
2276 935 2371 988 hoc
2406 937 2591 1004 colligi
2636 935 2817 1003 possit.

1503 1009 1662 1066 Recte
1688 1024 1756 1066 ex
1782 1007 1882 1066 hoc
1906 1009 2105 1080 colligi,
2133 1011 2395 1081 quoniam
2436 1013 2521 1068 lex
2562 1021 2639 1067 est
2682 1011 2821 1066 viro-

1502 1103 1626 1142 rum
1659 1087 2011 1159 prudentium
2050 1089 2359 1145 wnsultum
2386 1130 2401 1154 ,
2450 1091 2513 1149 L.
2558 1091 2607 1146 1.
2648 1089 2715 1145 D.
2752 1090 2817 1144 de

1502 1163 1662 1234 uait.
1698 1181 1935 1238 quorum
1974 1165 2277 1236 prudentiae
2312 1183 2426 1223 non
2464 1168 2717 1225 convenit
2742 1167 2821 1221 vi·

1505 1243 1638 1300 tiose
1659 1243 1799 1316 quid
1830 1243 2115 1315 scripsisse.
2151 1244 2359 1302 Vitiosa
2394 1255 2473 1303 est
2494 1244 2821 1316 significatio

1505 1330 1560 1378 et
1583 1320 1951 1393 interpretatio
1964 1361 1979 1384 ,
2002 1319 2079 1394 (t)
2102 1323 2149 1380 si
2172 1339 2239 1378 ex
2262 1339 2327 1380 ea
2350 1322 2583 1381 efficitur
2610 1326 2697 1379 lex
2734 1337 2823 1378 su-

1505 1415 1795 1470 pervacua,
1818 1408 1875 1456 et
1912 1399 2142 1457 inutilis.
2164 1402 2323 1468 Quod
2362 1401 2559 1458 vitium
2582 1417 2710 1457 cum
2750 1402 2825 1458 ab

1503 1477 1655 1532 omni
1694 1477 1939 1534 oratione
1963 1493 2073 1532 non
2113 1481 2264 1536 stulti
2304 1479 2574 1544 hominis,
2598 1479 2699 1549 qui
2740 1480 2823 1534 lu-

1509 1555 1637 1611 dere
1662 1553 1859 1618 noluit,
1894 1564 2012 1612 tum
2040 1557 2276 1614 maxime
2314 1575 2347 1614 a
2378 1559 2494 1626 lege
2528 1559 2707 1613 abesse
2730 1557 2823 1611 de-

1511 1633 1618 1690 bet.
1663 1633 1719 1688 L.
1746 1635 2099 1702 postlintinii,
2130 1636 2184 1690 5.
2226 1638 2285 1690 in
2324 1635 2381 1704 fi.
2426 1634 2493 1690 D.
2530 1637 2595 1691 de
2630 1637 2825 1703 captiv.

1511 1710 1658 1773 Ideo,
1680 1710 1725 1766 si
1763 1727 1875 1782 qua
1916 1712 2177 1782 eiusmodi
2204 1712 2527 1783 significatio
2556 1721 2827 1771 occurret.

1515 1788 1658 1844 hanc
1683 1803 1793 1844 non
1822 1803 2125 1860 mutuemur.
2150 1789 2222 1846 Ut
2248 1801 2395 1861 puta.
2436 1799 2651 1846 testator
2688 1793 2829 1856 lega·

1515 1867 1594 1922 vit
1620 1865 1779 1924 uxori
1802 1884 1929 1932 suae,
1964 1883 2087 1938 quae
2116 1868 2267 1925 vivus
2302 1870 2353 1925 ei
2378 1871 2685 1926 donaverat.
2712 1868 2831 1922 Hoc

1519 1946 1756 2016 legatum
1792 1945 1957 2002 ctiam
1982 1945 2099 2017 lege
2124 1948 2446 2004 nominatim
2472 1948 2833 2002 confirmatur

1519 2023 2457 2096 inLaeonatiom.quospm-emes‚
2496 2026 2831 2080 adadom-

1515 2105 1642 2158 αόπ.
1668 2105 1808 2159 inter
1850 2104 1953 2158 vir.
1990 2110 2043 2159 et
2062 2120 2223 2160 umor.
2246 2104 2521 2172 Queritur
2546 2119 2617 2158 an
2640 2118 2831 2158 earum

1515 2193 1733 2252 quoquc
1774 2196 1957 2237 rerum
1980 2181 2299 2240 donationes
2330 2182 2417 2238 his
2454 2181 2631 2237 verbis
2664 2179 2835 2236 conti·-

1518 2267 1755 2314 neantur
1770 2299 1787 2323 ,
1808 2273 1947 2328 quas
1970 2260 2199 2317 maritus
2224 2260 2399 2322 uxori,
2420 2267 2697 2318 constante
2722 2273 2834 2315 ma-

1515 2336 1791 2400 trimonio,
1814 2337 2049 2394 donavit.
2073 2339 2247 2395 Verbi
2270 2355 2431 2395 usum
2454 2337 2499 2393 si
2524 2337 2803 2409 sequimur
2820 2375 2835 2397 ,

1519 2429 1628 2470 non
1655 2416 1921 2472 abusum:
1944 2432 2059 2472 non
2096 2418 2549 2480 continebuntur,
2570 2414 2835 2486 quoniam

1517 2492 1787 2564 ejusmodi
1826 2491 2141 2552 donationes
2178 2497 2303 2568 jure
2350 2512 2463 2552 non
2518 2495 2835 2551 valuerunt:

1521 2585 1644 2643 quai
1671 2581 1853 2629 autem
1879 2572 2099 2631 donatio
2132 2575 2255 2645 jure
2288 2591 2400 2632 non
2437 2575 2593 2637 valet,
2618 2570 2837 2629 donatio

1521 2667 1634 2707 non
1659 2660 1755 2715 est,
1808 2652 1865 2707 L.
1900 2669 2009 2708 non
2046 2654 2299 2714 dubium,
2336 2656 2395 2709 C.
2432 2656 2497 2709 do
2534 2652 2689 2722 legib.
2738 2649 2839 2705 etsi

1519 2729 1741 2785 abusive
1766 2729 1841 2785 ita
1866 2728 2094 2793 dic-itur,
2118 2746 2243 2787 cum
2288 2732 2571 2802 inspicitur
2608 2729 2839 2789 factum,

1519 2818 1572 2865 ct
1605 2806 1823 2863 animus
1860 2808 2006 2879 ejus,
2042 2808 2143 2879 qui
2192 2810 2454 2867 donatum
2506 2808 2693 2863 voluit.
2732 2805 2839 2861 Sed

1521 2884 1739 2955 placui&
1760 2884 1863 2941 bas
1886 2884 2203 2945 donationes
2224 2904 2339 2944 non
2362 2889 2539 2944 solum
2566 2885 2840 2955 superiore

1519 2965 1693 3032 legato
1716 2962 2003 3028 contineri,
2028 2966 2119 3020 sed
2146 2977 2200 3023 et
2222 2968 2461 3037 legatum
2486 2980 2597 3019 non
2626 2963 2695 3017 de
2716 2962 2843 3017 aliis

1518 3040 1907 3100 donationibus
1931 3042 2107 3115 accipi
2130 3046 2345 3109 debere,
2366 3058 2533 3115 quam
2564 3056 2689 3112 quae
2726 3056 2837 3094 non

1525 3120 1840 3183 valuerunt,
1862 3119 1997 3190 quia
2022 3120 2230 3195 alioqui
2264 3121 2461 3178 inutile
2502 3120 2741 3188 legatum
2766 3134 2844 3173 es-

1522 3209 1615 3254 set.
1654 3199 1717 3255 L.
1755 3201 1803 3255 si
1841 3200 2089 3269 quando,
2127 3205 2189 3257 in
2228 3217 2320 3270 pr.
2360 3201 2429 3256 D.
2466 3200 2533 3254 de
2584 3198 2745 3265 leant.
2792 3197 2841 3251 1.

1524 3275 1684 3342 Quod
1710 3276 1885 3333 multo
1922 3276 2097 3344 magis
2130 3280 2201 3334 de
2237 3280 2353 3349 lege
2390 3275 2684 3333 dicendum
2736 3284 2843 3339 est,

1527 3370 1650 3425 quae
1688 3354 1880 3411 iisdem
1920 3354 2097 3409 verbis
2132 3357 2192 3413 in
2232 3354 2645 3413 confirmatione
2678 3355 2846 3409 dona-

1527 3431 1743 3487 tionum
1768 3441 1971 3488 utatur.
1994 3432 2115 3488 Erit
2147 3434 2297 3490 enim
2332 3433 2537 3505 alioqui
2564 3433 2651 3487 lex
2680 3433 2845 3487 inuti-

1529 3510 1616 3565 lis.
1639 3509 1798 3575 Quod
1829 3508 2039 3571 vitium.
2062 3522 2125 3568 ut
2148 3511 2295 3577 dixi,
2320 3513 2377 3569 in
2404 3511 2645 3583 legibus,
2672 3511 2727 3566 id
2766 3522 2844 3569 est

1525 3587 1584 3643 in
1621 3587 1867 3645 oratione
1880 3628 1895 3651 ,
1933 3595 1988 3642 et
2024 3590 2283 3647 consultis
2332 3592 2571 3647 virorum
2612 3589 2845 3659 pruden-

1527 3668 1667 3725 tium
1683 3666 1859 3721 multo
1884 3664 2065 3723 minus
2086 3668 2487 3726 admittendum
2502 3678 2597 3724 est.
2626 3668 2845 3723 Utrum-

1497 3761 1630 3816 -que
1666 3743 1876 3815 alioqui
1910 3745 2108 3802 inutile
2136 3746 2285 3813 ideo,
2322 3749 2453 3820 quia
2500 3746 2845 3810 donationes,

1522 3838 1646 3895 quat
1684 3837 1782 3894 per
1813 3838 1869 3879 se
1919 3824 2239 3889 valuerunt,
2281 3825 2693 3885 confirmatione
2730 3842 2845 3881 non

1523 3908 1697 3971 egent.
1723 3899 1989 3957 Similiter
2027 3903 2217 3961 vitiosa
2258 3902 2646 3973 interpretatio,
2682 3904 2727 3958 si
2767 3910 2846 3958 est

1524 3978 1709 4049 inepta
1728 4020 1743 4043 ,
1779 3989 1833 4035 et
1858 3980 1939 4037 rei
1965 3981 2247 4053 proponite
2281 3983 2529 4053 gerendae
2572 3995 2683 4034 non
2720 3996 2849 4037 con-

1525 4058 1761 4114 veniens.
1798 4059 1927 4115 Ideo
1963 4066 2017 4115 et
2053 4061 2167 4115 haec
2208 4060 2467 4132 rejicitur.
2508 4058 2657 4111 Hinc
2692 4074 2848 4127 regu-

1529 4134 1584 4193 la
1618 4136 1773 4207 juris:
1800 4137 2018 4205 Quoties
2042 4138 2182 4192 idem
2208 4153 2378 4191 sermo
2400 4137 2539 4191 duas
2562 4138 2847 4191 sententias

1529 4216 1785 4287 eoepvimt
1798 4256 1815 4279 ‚
1838 4230 1957 4271 eam
1977 4216 2309 4285 potissimum
2334 4214 2709 4284 accipiendam,
2730 4227 2849 4285 quo

1585 4386 1662 4458 (4)
1696 4384 1773 4436 Ea
1819 4388 1963 4438 enim
2000 4387 2317 4452 significatio
2356 4388 2443 4438 vel
2478 4386 2537 4463 in
2570 4386 2759 4465 quovis
2786 4404 2848 4489 ξ-

1523 4460 2055 4590 ἓὲἓῇήῖἱζοέἆξῗιῗ
2078 4460 2449 4585 &iim-{ii
2454 4454 2851 4584 2212213‘23343

1529 4580 1839 4633 intercidat.
1866 4585 1929 4633 L.
1963 4582 2047 4636 80.
2082 4582 2153 4635 de
2186 4586 2332 4635 verb.
2366 4586 2479 4637 obla·
2525 4618 2537 4631 .
2577 4586 2639 4635 1,.
2680 4598 2757 4632 12.
2786 4588 2850 4636 L.

1531 4664 1616 4698 αι.
1648 4647 1720 4697 de
1772 4649 1882 4699 reb.
1918 4646 2046 4699 dub.
2082 4660 2133 4698 et
2180 4651 2401 4701 similib.
2508 4648 2581 4699 nl.
2618 4644 2849 4700 Merccr.

1531 4718 1594 4764 in
1627 4716 1924 4766 Conciliat.
1964 4732 2097 4785 pag.
2133 4733 2202 4767 m.
2242 4712 2352 4785 715.
2406 4714 2624 4767 nonen.
2675 4716 2750 4767 ad
2786 4718 2852 4767 L.

1541 4792 1618 4829 ια.
1653 4778 1725 4835 de
1760 4778 1869 4833 reb·
1906 4776 2035 4833 dub·
