3327 5214
809 130 828 145 .
1290 135 1304 150 .
1822 129 1885 170 ,1,

285 175 372 252 vi
1012 227 1018 233 -
1876 227 1905 257 ι.
2031 175 2196 274 Ἅι,

186 319 194 329 ·
273 305 618 394 personis
651 303 821 390 ‚ita
855 315 1032 370 sunt
1071 325 1324 376 rerum
1351 307 1432 372 'et
1471 307 1917 374 caussafflm
1968 307 2334 375 mii-ietnte
2382 323 2611 400 prope
2658 301 2988 396 infinita·

279 397 629 495 Denique
659 387 1102 499 'qudcunque
1137 403 1383 471 oculos
1420 408 1997 474 concertet-imus
2014 457 2035 490 ,
2060 400 2326 498 ubique
2346 453 2364 484 ‚
2386 425 2578 499 quite
2604 425 2743 472 sua
2779 404 2990 500 cuju-

281 521 462 594 sque
497 505 689 588 sint,
726 507 1197 596 reperiemus.
1253 496 1462 592 Quid
1499 501 1886 595 lzotnittes?
1914 508 1992 571 in
2023 501 2138 572 his
2176 501 2595 572 tribuendis
2632 502 2989 598 quomodo

280 621 355 668 se
380 597 871 694 geruntPHic
899 623 1066 672 vero
1092 621 1168 669 se
1195 591 1524 672 ostendit
1561 617 1887 672 naturae
1924 601 2303 674 hnmanae
2314 605 2604 698 partim
2630 605 2988 694 ignoran-

278 705 428 784 tia,
471 704 762 798 partim
814 699 1287 798 depravaliO,
1341 717 1566 798 atque
1617 700 2080 798 improbitas.
2117 699 2397 798 Nempe
2432 705 2610 790 alii,
2645 700 2833 800 quid
2884 708 2986 773 sit

276 797 640 886 alterius,
673 805 1037 895 ignorant
1059 814 1180 883 ,et
1219 800 1424 898 apud
1460 800 1535 870 s'e
1571 817 1912 874 statuere
1947 827 2092 872 non
2118 815 2471 899 possunt:
2496 805 2755 898 itaque
2790 813 2863 873 et
2896 802 2989 870 de

263 893 354 970 'eo
390 905 764 975 venientes
799 905 879 970 in
916 899 1462 972 contentionem
1499 905 1671 973 lites
1708 918 2013 974 movent.
2050 905 2211 972 Alii
2248 899 2487 1000 (quae
2508 924 2701 998 pars
2736 905 2986 972 maxi-

235 993 394 1066 ‘ma
431 1003 592 1096 est)
625 1005 984 1087 scientes,
1017 999 1204 1100 quid
1238 1007 1339 1073 sit
1376 1007 1738 1088 aliorum,
1772 996 2039 1100 quidve
2071 1001 2195 1073 'his
2222 999 2578 1090 debeant,
2600 1023 2746 1070 non
2776 997 2989 1070 modo

255 1096 390 1169 iiis
425 1110 568 1168 non
607 1098 993 1188 tribuunt,
1030 1099 1164 1170 sed
1199 1107 1426 1173 etiam
1465 1095 1885 1199 cupiditate
1920 1107 2191 1173 innata
2243 1097 2537 1198 abrepti
2590 1105 2671 1170 in
2726 1103 2981 1170 aliena

271 1203 478 1271 ultro
501 1199 914 1286 invadunt,
939 1223 1173 1297 eaque
1197 1197 1574 1298 auferunt
1590 1203 1832 1300 justis
1866 1201 2228 1288 dominis,
2254 1205 2332 1270 in
2359 1221 2724 1298 personas
2758 1201 2984 1270 simul

269 1313 344 1368 et
379 1297 563 1370 bona
583 1322 794 1388 ,cum
835 1305 1072 1372 visum
1095 1315 1208 1372 est
1221 1306 1560 1395 ,pariter
1592 1304 1888 1402 injurii.
1934 1299 2357 1372 Testantur
2388 1300 2525 1372 hoc
2562 1299 2984 1386 adulteria,

239 1393 531 1491 jur-ta,
566 1407 919 1498 rapinae,
968 1399 1614 1498 depraedationeS,
1648 1397 2447 1498 concussioneS,falsa
2499 1403 2931 1470 testimonia
2959 1451 2983 1486 ,
3048 1455 3051 1462 .

265 1497 548 1569 ‹lanma
567 1552 590 1587 ,
626 1502 996 1598 iujuriae,
1029 1516 1104 1572 et
1151 1501 1691 1593 maleficiorum
1745 1525 1955 1574 omne
1989 1525 2267 1596 genus,
2302 1497 2571 1596 quibus
2606 1498 2793 1570 haec
2830 1503 2979 1570 vita

267 1595 562 1688 referta
619 1589 778 1672 est.'
810 1598 1019 1692 Quid
1045 1599 1080 1668 ἒ
1135 1594 1371 1673 alieni
1429 1600 1843 1689 detractio,
1898 1603 2281 1698 omnisque
2340 1601 2631 1700 injuria
2649 1650 2672 1685 ,
2728 1601 2983 1697 qualis

265 1696 612 1784 landem,
658 1714 797 1770 aut
834 1725 1057 1798 quam
1116 1704 1278 1773 sine
1320 1705 1666 1798 periculo
1716 1705 2009 1795 negligi
2052 1721 2266 1799 posse
2294 1698 2649 1796 putanda
2686 1699 2860 1772 est?
2898 1697 2982 1768 Si

261 1796 546 1874 dentur
565 1799 896 1870 homines
924 1804 1310 1872 mitissimi
1335 1815 1409 1871 et
1433 1805 2023 1900 patientissimi:
2050 1806 2277 1872 liceat
2300 1797 2393 1870 ab
2419 1796 2537 1868 lzis
2562 1815 2885 1894 expe-cta
2898 1821 2979 1869 re

240 1893 631 1992 sorta-sse,
666 1914 754 1969 ut
767 1897 1054 1998 ferant
1093 1901 1460 1999 injurias,
1490 1924 1769 1997 easque
1802 1899 2311 1984 dissimulent,
2346 1921 2481 1968 nee
2516 1897 2607 1970 de
2662 1895 2781 1968 his
2836 1921 2979 1967 mo-

262 1987 484 2067 w'eant
534 1995 800 2069 acerbe
849 2006 1384 2071 contentiones.
1429 1996 1670 2072 Nemo
1730 2017 1983 2072 tamen
2034 2003 2459 2096 reperietur
2509 2019 2744 2097 usque
2796 1996 2983 2069 adeo

251 2101 592 2190 patienS,
617 2102 804 2194 quin
839 2105 1142 2170 moleste
1156 2098 1390 2196 jerat
1425 2123 1502 2171 se
1540 2107 1957 2188 contemni,
1988 2115 2065 2171 et
2100 2123 2314 2168 suum
2352 2095 2491 2168 sibi
2517 2102 2750 2195 eripi,
2771 2113 2981 2170 certe

262 2201 396 2290 qui
429 2219 648 2272 ‘suum
681 2197 826 2268 sibi
861 2197 1084 2270 reddi
1121 2223 1265 2270 non
1301 2204 1548 2271 malit.
1571 2197 1793 2292 Quod
1824 2217 1912 2272 ut
1950 2223 2043 2269 ne
2076 2205 2187 2269 sic
2212 2196 2512 2298 quidem
2532 2197 2808 2289 fieret,
2833 2222 2981 2267 non

146 2351 157 2361 .
261 2294 428 2367 ideo
467 2311 720 2367 tamen
759 2300 1053 2395 injuria·
1085 2323 1234 2370 non
1287 2299 1961 2372 animadvertenda
2017 2299 2387 2370 videatur.
2422 2295 2631 2390 Quin
2664 2303 2811 2368 imo
2846 2305 2979 2397 qui
3064 2387 3069 2392 θ

261 2401 374 2466 ita
409 2419 498 2467 se
539 2403 999 2488 instituunt,
1033 2415 1121 2470 ut
1131 2397 1422 2499 ferant
1449 2449 1473 2486 ,
1524 2415 1743 2472 tanto
1790 2400 2175 2494 digniores
2226 2401 2529 2468 auxilio
2561 2397 2981 2496 judicandi

161 2503 164 2506 ’
260 2503 475 2583 sunt,
501 2514 788 2593 quanto
799 2495 1141 2596 fuerunt
1169 2501 1315 2596 ipsi
1336 2552 1357 2587 ,
1381 2497 1652 2598 quibus
1685 2502 1975 2600 injuria
1991 2497 2271 2592 fieret,
2302 2495 2800 2592 indignior-est.
2830 2495 2981 2568 Sed

260 2620 410 2666 non
444 2601 590 2668 isto
627 2604 878 2669 animo
913 2616 1092 2671 sunt
1127 2597 1458 2672 homines
1503 2599 1608 2671 ad
1649 2625 1789 2672 sua
1830 2597 2229 2671 retinenda
2259 2650 2282 2685 ,
2326 2613 2464 2670 aut
2511 2596 2632 2669 his
2680 2601 2979 2670 amissis

259 2695 620 2768 adversus
671 2700 1022 2798 injurias.
1073 2698 1349 2770 Omnes
1401 2726 1447 2770 a
1502 2700 1660 2773 Deo
1711 2698 2041 2786 tributa,
2092 2716 2169 2771 et
2204 2700 2387 2798 jure
2438 2720 2783 2769 concessa
2834 2697 2977 2769 sibi

261 2803 552 2869 servari
603 2803 965 2896 cupiunt:
1023 2800 1232 2896 quod
1279 2816 1639 2895 possunt,
1702 2805 2077 2887 retinent,
2118 2820 2253 2887 nec
2291 2796 2725 2894 facile-sibi
2784 2802 2976 2897 eripi

249 2902 702 2991 patiuntur:
737 2898 1092 2971 detracta
1127 2906 1327 2973 omni
1378 2907 1671 2972 ratione
1695 2916 2305 2998 persequuntur,
2336 2913 2413 2969 et
2464 2896 2855 2984 laborant,
2890 2912 2979 2969 ut

141 3048 154 3059 .
261 3004 592 3095 recipere
627 3003 882 3072 liceat.
920 2998 1142 3093 Quod
1173 3006 1240 3069 si
1275 3006 1730 3098 impunitate
1756 3004 2143 3098 proposita
2194 2996 2529 3069 obtinere
2578 3020 2723 3067 non
2758 3002 2977 3087 licet-.-

259 3095 380 3167 hic
419 3104 764 3169 maxima
801 3106 1008 3170 mala
1067 3116 1650 3199 consequuntur.
1712 3102 2072 3195 Augetur
2114 3096 2790 3195 itt-potentioribus
2848 3094 2983 3167 ha-

259 3194 478 3267 bendi
516 3196 1064 3271 et'dominandi
1087 3249 1110 3287 ,
1133 3222 1208 3272 et
1234 3204 1611 3273 tenuiores
1644 3199 2115 3301 opprimendi
2152 3196 2557 3297 cupiditas.
2592 3194 2746 3290 Qui
2780 3198 2982 3296 inju⁴

149 3358 203 3385 ¹⁶,
261 3302 457 3365 riam
484 3295 975 3395 acceperunt,
1009 3300 1292 3390 dolent,
1325 3316 1402 3373 et
1439 3300 1977 3398 indignantur.
2014 3297 2215 3370 Hinc
2249 3297 2452 3386 odia,
2488 3302 2981 3382 inimicitiae,

258 3404 524 3483 rixae,
558 3405 1075 3471 contentiones
1129 3406 1592 3473 certissimae
1619 3418 1869 3497 pestes
1921 3397 2681 3497 rerumpublicarum.
2715 3393 2985 3494 Neque

224 3514 228 3518 ·
259 3494 394 3565 hoc
447 3501 636 3567 satis
660 3546 694 3584 ,
717 3520 838 3569 res
875 3498 1198 3598 deniqne
1235 3502 1338 3572 ad
1373 3507 1518 3571 vim
1545 3518 1775 3601 atque
1808 3526 2029 3572 arma
2054 3514 2397 3597 spectare
2432 3502 2727 3594 incipit.
2766 3494 2984 3567 Unde

258 3596 559 3685 caedes,
593 3595 826 3687 bella,
860 3600 1284 3672 seditiones.
1321 3598 1462 3673 Ex
1513 3602 1782 3700 quibus
1835 3599 2147 3672 tandem
2204 3602 2655 3677 eversionem
2691 3618 2983 3667 rerum·

246 3694 770 3792 publicarum,
795 3715 872 3770 et
907 3704 1306 3773 interitum
1344 3706 1644 3796 generis
1680 3700 1999 3773 humani
2034 3703 2247 3799 sequi
2283 3710 2747 3769 necesse-est.
2772 3692 2983 3788 Qua-

227 3794 613 3883 ⁴mobrem,
647 3799 713 3867 si
759 3822 908 3899 qua
947 3814 1062 3871 est
1099 3804 1302 3873 ratio
1337 3802 1721 3895 regendae
1758 3799 2211 3900 reipublicae
2244 3795 2651 3897 ejusmodi,
2682 3819 2833 3892 qna
2872 3802 2981 3867 vis
3030 3823 3035 3829 ·

255 3914 330 3969 et
368 3899 661 3997 injuria
703 3894 1208 3999 prohibeatur·
1254 3905 1463 3973 inter
1496 3925 1787 3989 omneS,
1822 3919 1899 3973 et
1934 3900 2137 3999 quod
2190 3899 2553 3997 cujusque
2604 3910 2758 3982 est,
2792 3896 2877 3965 id
2912 3902 2981 3968 ei

257 3996 684 4082 tribuatur:
701 4005 798 4071 'ea
835 3998 1132 4073 demum
1157 4016 1309 4093 est,
1343 4024 1574 4101 quam
1589 4001 1915 4100 frustra
1942 4004 2259 4102 exquiri
2280 4052 2298 4083 ,
2323 4014 2461 4069 aut
2484 4022 2635 4094 qua
2662 4020 2799 4067 nos
2834 4020 2985 4067 non
3079 4057 3086 4064 .

257 4114 706 4195 magnopere
754 4121 978 4197 egere
1027 4100 1282 4174 dicere
1333 4124 1480 4173 non
1525 4105 1745 4174 licet:
1782 4121 1977 4200 quae
2028 4116 2143 4173 est
2194 4098 2601 4199 ejusmodi,
2637 4121 2863 4197 qnam
2900 4104 2981 4167 in

258 4197 654 4295 republica>
673 4216 956 4273 extare
979 4252 1002 4289 ,
1053 4218 1128 4275 et
1177 4202 1352 4275 bene
1393 4210 1723 4299 positam
1774 4203 2111 4272 omnibus
2167 4200 2403 4270 modis
2458 4203 2784 4271 retineri
2836 4220 2981 4267 nou

257 4312 418 4369 tam
454 4298 560 4369 ad
591 4306 1016 4375 utilitatem
1065 4306 1408 4404 aliquam
1460 4325 1691 4403 quam
1739 4302 1845 4374 >ad
1888 4308 2329 4376 salutemet
2378 4302 2985 4369 incolumitatem

257 4403 778 4483 omniumcum
796 4402 1130 4499 publice,
1156 4420 1323 4475 tum
1347 4408 1719 4505 privatim
1745 4409 2162 4500 pertineat.
2198 4398 2409 4471 Haec
2449 4394 2649 4473 ratio'
2684 4403 2835 4468 sita
2872 4414 2985 4469 est

260 4504 338 4568 in
359 4500 540 4597 jure
575 4516 650 4572 et
686 4500 1000 4597 legibus.
1050 4501 1374 4577 Iustitia
1427 4503 1779 4604 quidem,
1832 4518 1918 4574 ut
1972 4506 2281 4574 velimus
2334 4497 2715 4587 tribuere,
2742 4494 2989 4595 facit.

261 4597 386 4671 Sic
423 4608 620 4669 enim
655 4596 1062 4695 definitur:
1100 4603 1514 4691 Constans,-
1549 4619 1624 4676 et
1651 4618 2021 4701 perpetuu
2059 4605 2405 4673 volumus
2442 4604 2660 4669 suum
2718 4602 2987 4693 cuique

265 4696 663 4775 tribuendi.
709 4705 814 4775 At
872 4702 1004 4772 hoc
1035 4704 1248 4803 juris
1299 4721 1410 4775 est
1467 4727 1776 4793 munus,
1812 4704 1917 4774 ad
1968 4728 2131 4775 eam
2185 4724 2319 4771 nos
2370 4696 2795 4783 deducere,·
2853 4696 2987 4768 hoc

2475 4897 2504 4915 Q.
