3327 5214
242 0 345 11 ’--ν-

422 1 427 4 -
450 18 459 29 Ι

398 151 466 208 ss

386 425 601 483 queque
625 429 730 466 non
755 418 924 466 essent
955 411 1336 481 consequentia.
1362 409 1464 466 Hie
1489 413 1634 464 etaim
1657 417 1737 464 at-

387 492 512 546 tulit
535 489 674 544 hanc
699 495 868 544 artem
895 491 1130 544 omnium
1154 490 1354 544 artium
1407 491 1709 542 maa-imam
1724 528 1738 552 ,

387 572 548 640 quast·
587 569 784 630 lucem,
831 568 905 622 ad
951 583 1042 629 ea,
1091 579 1209 638 quo
1245 568 1454 640 confuse
1501 565 1570 620 ab
1607 566 1738 622 aliis

389 654 486 702 ant
531 645 982 717 respondemur
995 683 1012 708 ,
1058 651 1154 700 aut
1191 644 1512 714 agebantur.
1553 643 1739 700 Diale-

387 727 574 780 ctieam
607 724 742 780 mihi
769 724 966 779 videris
989 723 1190 786 dicere,
1211 726 1401 794 inquit.
1435 723 1612 784 Recta,
1651 725 1737 778 in-

387 816 550 873 quam
567 841 583 866 ,
619 803 893 872 intelligis.
936 801 1066 858 Haee
1115 799 1300 858 Cicero
1346 802 1415 857 de
1461 802 1737 874 superiore

387 891 530 942 arte.
574 895 769 951 quam,
811 888 872 934 ut
909 880 980 935 ab
1022 880 1117 936 illo
1159 879 1509 942 describitur,
1547 889 1733 936 utrum

388 974 538 1015 nunc
551 959 623 1014 ad
638 959 726 1029 jus
741 958 1082 1015 attulerimus
1093 999 1107 1020 ,
1122 957 1298 1014 dicere
1313 975 1420 1014 non
1441 967 1518 1014 est
1533 975 1733 1014 meum:

388 1046 631 1102 certe,ut
659 1038 836 1098 lieret,
857 1037 1035 1092 eonati
1059 1052 1264 1092 sumus.
1291 1036 1402 1092 Nec
1429 1053 1515 1092 me
1531 1036 1620 1092 hie
1635 1054 1732 1092 au-

388 1117 608 1172 ctoritas
638 1125 732 1171 aut
757 1113 996 1178 juliani,
1019 1123 1114 1171 aut
1139 1114 1272 1170 adeo
1295 1115 1329 1170 J
1337 1114 1594 1170 ustiniaui
1623 1115 1733 1170 lm-

387 1194 647 1266 peratoris
683 1193 994 1264 quidquam
1033 1192 1275 1250 moverit.
1313 1191 1388 1248 Ut
1425 1193 1574 1248 enim
1615 1209 1732 1250 ver-

388 1271 458 1328 ba
511 1273 677 1334 bona,
729 1287 1025 1342 eorumque
1076 1270 1527 1341 significationem
1569 1271 1735 1328 susti-

389 1350 614 1414 nianus,
637 1349 888 1421 quamvis
921 1350 1202 1419 Princeps,
1242 1357 1454 1406 mutare
1491 1365 1600 1406 non
1643 1366 1737 1421 po-

389 1428 519 1493 tuit,
541 1445 662 1500 quae
678 1445 774 1484 usu
795 1427 978 1499 populi
995 1435 1268 1491 constant,
1284 1443 1394 1483 non
1409 1429 1735 1501 cujusquam

386 1507 646 1567 arbitrio,
671 1516 768 1564 aut
807 1507 1104 1562 voluntate:
1139 1504 1218 1561 sie
1257 1522 1356 1562 nce
1397 1505 1634 1570 efficere,
1674 1516 1737 1564 ut

384 1601 500 1640 non
553 1585 624 1641 sit
662 1593 804 1640 certa
847 1583 1132 1640 methodus
1183 1600 1246 1640 ea
1269 1624 1284 1647 ,
1323 1601 1494 1655 quam
1537 1595 1734 1642 natura

387 1663 500 1735 ima
517 1672 794 1726 rerum,et
819 1662 1142 1720 cohaerentia
1169 1663 1482 1733 prmscribit.
1509 1665 1560 1720 A
1585 1664 1737 1734 prin-

387 1742 599 1811 cipibus
635 1749 712 1797 est
749 1741 1037 1798 auctoritas
1060 1741 1221 1812 juris:
1246 1758 1277 1796 a
1319 1741 1531 1812 peritis,
1569 1750 1621 1799 et
1647 1742 1731 1798 in-

389 1819 763 1890 telligentibus
791 1819 903 1881 via,
927 1828 980 1874 ct
1005 1827 1147 1874 recta
1174 1819 1312 1874 ratio
1325 1819 1572 1876 docendi.

465 1898 620 1954 xm.
661 1897 764 1952 Sed
806 1895 894 1952 hic
921 1913 1017 1952 nos
1059 1897 1130 1970 (8)
1160 1897 1388 1968 quidam
1417 1897 1733 1954 auctoritate

388 1976 680 2047 plusquam
718 1973 984 2038 censoria,
1023 1983 1076 2032 et
1113 1974 1336 2046 quidem
1386 1991 1513 2030 cum
1551 1975 1733 2030 convi—

387 2055 473 2110 cio
515 2062 793 2116 revocant,
816 2053 916 2124 qui
942 2052 1142 2109 alicubi
1184 2071 1219 2108 s·
1239 2053 1534 2124 ripserunt,
1561 2053 1732 2109 colue-

387 2148 505 2188 rere
559 2131 742 2188 omnia
787 2131 843 2188 in
889 2131 1170 2187 Pandcetis
1209 2141 1324 2188 arte
1363 2129 1640 2192 mirabili,
1676 2140 1731 2188 et

387 2209 485 2282 qui
513 2210 677 2266 aliam
725 2219 896 2266 artem
937 2209 1276 2272 desiderant,
1313 2209 1396 2266 vel
1441 2208 1728 2266 commini—

385 2299 646 2354 scuntur,
671 2304 781 2344 esse
805 2305 972 2359 quam
1002 2287 1381 2359 ineptissimos,
1413 2294 1472 2344 et
1509 2286 1725 2358 imperi-

387 2365 648 2430 tissimos,
689 2383 884 2438 eosque
925 2382 1100 2437 neque
1139 2366 1274 2437 quid
1316 2382 1403 2422 ars
1436 2366 1534 2429 sit,
1557 2366 1722 2430 scire;

387 2461 566 2516 neque
591 2457 764 2502 artem
793 2445 1148 2514 Digestorum,
1171 2454 1266 2502 aut
1283 2443 1550 2516 principia
1575 2453 1721 2502 certa

383 2523 525 2596 juris
553 2525 664 2580 ulla
704 2523 992 2594 percepisse
1029 2539 1304 2594 unquam:
1327 2538 1514 2580 suaves
1537 2533 1718 2582 tamen

385 2602 455 2659 ad
486 2601 701 2658 ridendi
731 2601 1031 2659 materiam.
1057 2601 1128 2658 At
1145 2601 1396 2675 profecto,
1419 2601 1466 2660 si
1492 2601 1580 2661 isti
1595 2619 1721 2660 cen-

385 2698 529 2737 sores
579 2680 856 2753 superiora
900 2681 1029 2738 vitia
1079 2680 1138 2739 in
1189 2682 1287 2737 illa
1337 2681 1719 2755 compositione

363 2759 636 2819 ,nondum
664 2759 1192 2817 animadverterunt:
1233 2758 1292 2817 in
1319 2775 1537 2831 mag-na,
1571 2770 1628 2819 et
1661 2776 1719 2817 se

387 2836 614 2927 iqdigna
638 2839 778 2912 juris
803 2836 997 2903 civilis,
1019 2854 1310 2911 rerumque
1343 2855 1405 2895 eo
1426 2840 1550 2911 jure
1573 2856 1719 2895 eom·-

387 2916 774 2988 prchensarum
804 2914 1136 2987 ignoratione
1162 2926 1442 2975 versantur
1459 2960 1474 2980 ,
1496 2918 1594 2989 qui
1623 2934 1719 2989 per

387 3004 464 3053 tot
489 3011 661 3051 annos
685 2996 934 3051 nondum
959 2994 1218 3067 dispicere
1243 2992 1540 3067 potuerint,
1577 2994 1715 3067 quid

387 3075 514 3131 linis
533 3074 692 3147 juris,
713 3073 848 3145 quid
866 3088 1048 3131 rerum
1075 3074 1146 3129 ad
1173 3091 1296 3130 eum
1325 3075 1492 3129 finem
1513 3076 1717 3131 ducen-

387 3152 524 3209 tium
549 3168 888 3225 progressus,
919 3153 1058 3225 quid
1097 3152 1334 3224 denique
1373 3168 1717 3226 unaquaeque

386 3246 508 3301 pars
549 3234 619 3287 ad
665 3248 836 3289 unum
873 3230 1098 3303 aliquod
1135 3247 1328 3302 corpus
1367 3230 1715 3288 efficiendum

386 3309 738 3375 desideraret,
763 3326 885 3381 qum
927 3326 1088 3383 prope
1111 3309 1296 3368 omnia
1337 3309 1422 3366 isti
1459 3310 1716 3382 composi-

385 3387 521 3443 tioni
564 3387 740 3445 deesse
790 3388 1050 3445 videmus.
1099 3388 1256 3456 Quod
1293 3388 1338 3446 si
1377 3389 1717 3445 animadver-

388 3475 544 3529 tunt,
569 3476 622 3523 et
648 3465 860 3529 vident,
884 3475 938 3523 et
972 3476 1150 3523 tamen
1193 3467 1630 3539 compositionem
1672 3468 1716 3524 i-

385 3552 524 3600 stam
552 3560 776 3601 summa!
795 3546 924 3601 artis
951 3556 1281 3616 esseputant:
1307 3563 1392 3603 nae
1419 3544 1516 3617 ipsi
1539 3546 1592 3601 in
1612 3546 1715 3603 hae

387 3638 446 3677 re
499 3621 620 3679 aliis
679 3621 934 3694 ineptiam
961 3632 1015 3678 et
1063 3622 1388 3697 imperitiam
1438 3640 1710 3680 summam

387 3700 768 3773 impingendo,
809 3712 918 3757 tam
961 3701 1183 3758 distorto
1218 3701 1424 3773 judicio
1479 3703 1536 3757 id
1578 3717 1713 3757 asse-

384 3791 650 3851 quuntur,
677 3788 737 3836 ut
761 3796 814 3835 se
843 3779 1014 3851 potius
1049 3778 1298 3835 omnium
1325 3779 1712 3851 ineptissimos}

384 3867 436 3915 ct
462 3858 884 3930 imperitissimus
910 3858 1095 3924 fuisse,
1121 3858 1365 3929 probent.
1389 3857 1710 3927 Quid-cuim

445 4072 520 4135 (8)
539 4070 614 4123 Cu
622 4071 718 4139 jaci
728 4089 812 4126 um
838 4070 1100 4137 intelligit
1121 4108 1134 4129 ,
1157 4072 1305 4136 cujus
1331 4071 1490 4121 verba
1509 4090 1576 4123 et·
1595 4076 1701 4124 Pa-

384 4151 500 4190 rat.
539 4142 608 4191 D.
645 4138 906 4191 Mandata
931 4136 1020 4187 hic
1054 4136 1245 4199 refert,
1267 4137 1431 4187 tacito
1454 4136 1617 4196 licet,
1641 4144 1701 4186 ut

384 4211 440 4253 ct
464 4202 595 4253 alias
619 4204 753 4253 solet
774 4239 790 4263 ,
811 4202 1052 4253 nomine.

444 4268 520 4334 (9)
553 4266 668 4317 Nec
711 4267 872 4321 etiam
917 4267 1328 4334 compositorum
1371 4266 1566 4319 vitium
1615 4266 1701 4315 ni-

381 4336 613 4400 miopere
658 4334 1090 4401 exaggerandum.
1139 4333 1302 4399 Culpa
1341 4332 1424 4385 illi
1474 4340 1703 4395 vacant,

380 4399 470 4465 qui
513 4414 612 4454 nee
651 4398 707 4449 id
747 4407 1084 4465 susceperunt
1111 4436 1125 4459 ,
1161 4410 1220 4449 ut
1257 4407 1488 4449 exactam
1529 4406 1699 4449 artem

379 4464 684 4525 vaderent,
710 4480 804 4514 nec
835 4464 1056 4514 tantillo
1077 4472 1314 4531 tempore
1339 4472 1584 4531 praestare
1609 4480 1702 4527 po-

380 4536 622 4579 tuerunt.
661 4532 880 4583 Domu.
925 4528 1070 4597 inst·-
1115 4532 1341 4582 h.·L1·b.
1388 4536 1450 4583 C.
1497 4547 1547 4597 7.
1583 4528 1701 4580 Nec

380 4594 574 4643 mirum
617 4602 700 4643 est
719 4634 732 4655 ‚
770 4592 816 4643 si
840 4594 1042 4655 labori,
1063 4602 1312 4661 tauquam
1339 4596 1570 4660 impares
1591 4632 1606 4654 ‚
1643 4611 1702 4645 ae

1223 148 1546 207 HUGONIS
1585 147 1905 206 DONELLI
1942 143 2319 206 COMMENT.

379 262 645 326 postremo
683 251 873 310 haben
911 253 1184 323 maulam,
1207 268 1318 326 qna
1341 267 1499 316 vera,
1522 259 1572 310 et
1589 253 1740 328 falsa
1820 250 1994 322 magis
2018 250 2169 315 artis,
2204 267 2374 324 quam
2397 251 2533 308 ordo
2548 289 2565 314 ,
2602 257 2656 312 α
2680 259 2821 308 reeta
2859 261 2978 308 tum
3004 271 3149 310 eom-

377 335 784 408 Judicarentur.
823 340 872 389 et
907 346 1025 403 qum
1069 333 1262 403 quibus
1303 334 1495 400 positis
1544 337 1740 392 utem,
1818 330 2131 400 prehensio,
2172 337 2293 388 tum
2334 329 2613 386 collocatio
2652 345 2837 386 rerum
2868 332 2943 386 ad
2978 333 3144 391 finem

3070 148 3145 207 ts·

1816 407 2154 472 ducentium,
2178 407 2275 463 ubi
2300 425 2399 464 suo
2422 423 2655 480 queque
2680 407 2799 464 loco
2821 409 3115 466 traduntur
3129 453 3146 474 ,

1814 485 2049 542 efficitur
2086 487 2373 559 denique,·
2408 497 2503 551 ut,
2548 501 2693 558 quae
2731 497 2929 544 natura
2966 487 3143 558 prima

1812 573 1959 628 sunt,
1984 564 2163 637 primo
2188 565 2331 628 loco;
2355 577 2479 637 qua*
2504 565 2768 628 secunda,
2790 567 3053 630 seeundo:
3092 577 3146 624 et

1818 641 1891 698 ita
1919 642 2172 714 deinceps
2196 658 2293 698 suo
2316 654 2547 716 quaeque
2574 642 2765 698 ordine
2790 652 2931 698 recte
2955 645 3145 706 locata,

1816 720 2059 778 dilucide
2079 761 2093 785 ,
2131 730 2185 778 et
2238 721 2355 778 sine
2394 719 2711 776 confusione
2762 721 3145 792 explicentur?

1812 797 1959 866 Quid
1984 811 2175 856 eontra
2210 799 2316 858 arti
2356 797 2529 870 magis
2566 797 2937 862 contrarium,
2971 815 3143 870 quam

1810 876 2021 936 ordinis
2046 877 2343 949 perversio,
2372 876 2451 934 uti
2475 893 2599 948 quie
2640 877 2821 950 priora
2856 893 2965 934 esse
2986 889 3144 949 opor-

1812 955 1933 1020 tuit,
1958 965 2011 1014 et
2034 957 2237 1029 quibus
2272 971 2383 1012 non
2410 954 2666 1026 cognitis,
2688 964 2877 1011 caetera
2905 971 3015 1012 non
3056 957 3145 1013 in·-

1808 1033 2144 1106 telligantur,
2166 1051 2229 1091 ea
2256 1049 2453 1106 ponere
2476 1042 2715 1091 extremo
2742 1034 2873 1096 Ιοοος
2893 1050 3024 1105 quas
3044 1049 3145 1092 au-

1812 1120 1917 1168 tem
1940 1122 2101 1170 erant
2128 1114 2437 1184 posteriora.
2464 1119 2741 1169 etnaturae
2767 1112 2959 1170 ordine
2982 1113 3140 1186 sequi

1806 1193 2117 1262 oportebat,
2142 1209 2199 1248 ea
2226 1191 2488 1248 collocare
2527 1189 2745 1262 primo?
2780 1189 2925 1258 Quid
2966 1191 3143 1262 magis

1810 1271 2167 1334 eontrarium,
2188 1287 2358 1342 quam
2376 1285 2561 1326 rerum
2586 1269 2983 1340 disjunctarum
3010 1285 3143 1326 con-

1813 1347 1969 1409 fusio.
1992 1359 2047 1406 et
2070 1349 2383 1420 permixtio:
2410 1363 2597 1404 earum
2624 1356 2804 1404 autem
2822 1388 2837 1410 ,
2860 1363 2983 1420 quie
3020 1349 3141 1420 eju·-

1807 1427 1961 1482 sdem
1987 1427 2223 1500 corporis
2246 1437 2417 1490 erant,
2441 1425 2714 1483 distractio
2732 1466 2745 1489 ,
2770 1437 2931 1497 atque
2956 1425 3140 1482 divul-

1810 1504 1890 1562 sio
1906 1547 1921 1570 ,
1974 1507 2069 1563 ubi
2128 1505 2407 1578 permixtis
2459 1503 2795 1560 diversorum
2844 1521 3137 1575 corporum

1814 1585 2104 1647 membris,
2128 1599 2399 1656 nusquam
2428 1599 2601 1640 unum
2638 1599 2833 1654 corpus
2857 1583 3135 1654 integrum

1810 1674 2098 1732 appareat,
2120 1664 2211 1718 scd
2250 1661 2517 1732 efficiatur
2541 1660 2597 1717 id
2624 1677 2833 1733 corpus,
2854 1661 3019 1733 quale
3041 1661 3139 1718 de-

1806 1739 1996 1799 scribit
2020 1741 2280 1810 Horatius
2304 1741 2358 1797 in
2388 1749 2502 1796 arte
2526 1737 2755 1810 poetica,
2778 1741 2925 1812 quod
2948 1757 3019 1796 ex
3044 1757 3155 1796 ra·-

1808 1818 1905 1876 riis
1928 1819 2263 1877 diversorum
2302 1834 2563 1890 generum
2589 1818 2849 1876 membris
2888 1818 2967 1874 ita
3001 1833 3135 1874 ron·

1808 1897 1999 1954 ilatum
2026 1908 2103 1955 est
2119 1937 2135 1962 ,
2162 1907 2222 1954 ut
2244 1915 2338 1955 nec
2350 1909 2449 1968 pes
2466 1938 2480 1962 ,
2504 1913 2597 1952 nec
2618 1903 2779 1966 cap-et
2816 1901 2913 1954 uni
2936 1897 3133 1958 redda—

1807 1983 1897 2030 tm·
1920 1977 2130 2048 foma?
2168 1976 2337 2048 Atqui
2372 1976 2537 2032 talem
2563 1991 2671 2030 esse
2710 1991 2891 2034 rerum
2918 1984 3135 2047 pertur-

1809 2053 2080 2110 bationem
2099 2095 2113 2116 ,
2136 2065 2189 2110 et
2210 2053 2579 2110 confusionem
2596 2093 2612 2115 ,
2646 2054 2701 2109 in
2746 2053 2843 2111 ista
2869 2054 3133 2126 composi-

1806 2131 1968 2196 tione,
1992 2133 2119 2190 satis
2144 2132 2280 2189 mihi
2307 2143 2433 2188 ante
2454 2131 2743 2188 ostendisse
2768 2132 3131 2200 videonQua-

1806 2227 1863 2268 re
1888 2211 1986 2284 qui
2014 2213 2071 2268 in
2100 2212 2195 2269 illa
2222 2211 2534 2267 confusione
2558 2225 2667 2266 non
2708 2213 2885 2268 solum
2919 2219 3095 2269 artem
3112 2251 3129 2275 ,

1798 2291 1891 2346 sed
1916 2291 2081 2346 etiam
2118 2289 2429 2348 mirabilem
2462 2297 2633 2346 artem
2660 2289 2829 2346 inesse
2850 2298 3130 2353 statuunt,

1800 2367 2087 2432 fateantur,
2108 2384 2165 2424 se
2180 2367 2355 2439 potius
2379 2368 2599 2433 nescire,
2622 2385 2683 2424 ac
2708 2385 2779 2424 ne
2804 2367 2997 2424 vidisse
3024 2385 3129 2424 un-

1799 2463 1969 2518 quam
1986 2449 2065 2504 vel
2084 2463 2181 2520 per
2194 2449 2485 2513 somnium,
2499 2447 2635 2518 quid
2650 2463 2739 2502 ars
2760 2457 2906 2510 esset,
2919 2447 3125 2518 quidve

1798 2541 1859 2583 ea
1903 2528 2225 2596 postularet,
2250 2535 2399 2584 tanto
2423 2523 2627 2582 caeteris
2666 2524 2777 2581 risu
2816 2523 3092 2595 digniores
3108 2567 3125 2588 ,

1796 2605 1965 2676 quod,
1986 2622 2096 2677 qua
2122 2604 2178 2663 in
2208 2622 2267 2661 re
2294 2614 2511 2662 eaeteros
2534 2601 2745 2669 rident,
2772 2603 2827 2659 in
2857 2620 2917 2659 ea
2946 2601 3124 2659 maxi-

1796 2700 1883 2739 me
1920 2700 1975 2740 se
2014 2683 2137 2741 aliis
2174 2681 2499 2741 deridendos
2538 2683 2793 2754 praebent.
2844 2681 2951 2741 Sed
2990 2682 3122 2739 Ari·-

1792 2763 2033 2819 starchos
2058 2762 2182 2820 istos
2208 2762 2393 2819 missos
2414 2762 2704 2825 faciamus,
2726 2760 2841 2833 qui,
2866 2760 3020 2833 quasi
3046 2778 3119 2817 ex

1794 2841 2002 2912 tripode
2026 2842 2243 2897 oracula
2260 2840 2416 2897 nobis
2441 2840 2690 2903 fundant,
2714 2848 2809 2897 aut
2832 2850 3115 2909 tamquam

1793 2920 2119 2975 nomothetae
2146 2918 2318 2991 aliqui
2345 2918 2502 2975 nobis
2525 2920 2665 2987 leges
2694 2918 2915 2981 dictent,
2938 2916 3015 2973 ita
3040 2916 3121 2972 fe-

1796 3014 1853 3053 re
1874 2998 2120 3069 ‚quidque
2156 2997 2423 3068 intrepide
2460 2997 2789 3055 affirmantes
2806 3037 2820 3061 ,
2850 2990 2965 3053 sine
2998 2992 3114 3051 alia

1792 3074 2108 3147 probatione
2131 3074 2235 3131 sibi
2260 3076 2409 3131 credi
2452 3076 2656 3131 volunt.
2696 3076 2837 3139 Nos,
2860 3088 2985 3129 cum
3010 3072 3119 3129 ali·-

1792 3154 1929 3227 quid
1967 3154 2219 3211 adversus
2256 3170 2349 3216 ea,
2384 3170 2527 3225 quae
2564 3152 2832 3218 diximus,
2882 3152 3115 3223 probare

1792 3232 2155 3295 instituerint,
2183 3232 2418 3289 libenter
2446 3248 2533 3288 eos
2570 3231 2868 3289 audiemus.
2895 3230 2991 3287 &t
3014 3230 3116 3299 igi-

1791 3311 1909 3367 tur?
1936 3310 2007 3384 (9)
2034 3326 2095 3368 ea
2121 3328 2207 3367 ars
2232 3310 2290 3366 in
2318 3310 2633 3374 Pandectis,
2673 3326 2780 3366 non
2822 3324 2992 3381 quam
3023 3307 3111 3365 isti

1794 3390 2014 3453 dicunt,
2038 3390 2129 3445 scd
2164 3405 2339 3462 'quam
2380 3405 2477 3445 nos
2500 3396 2625 3444 ante
2648 3388 3011 3449 ostendimus,
3051 3396 3115 3466 ut

1794 3468 1989 3525 merito
1998 3467 2165 3523 aliam
2184 3467 2538 3539 requiramus.
2550 3467 2819 3537 Equidem
2836 3481 2944 3520 non
2962 3464 3115 3535 igno-

1791 3563 1870 3607 ro.
1900 3554 1957 3602 ut
1982 3545 2095 3602 istis
2118 3547 2281 3603 etiam
2322 3545 2537 3618 aliquid
2572 3545 2959 3603 concedamus.
2998 3542 3113 3615 (to)

1788 3625 1988 3681 multos
2027 3624 2264 3681 eruditos
2288 3624 2456 3687 viros.
2490 3640 2614 3679 eum
2658 3622 2785 3679 vitia
2822 3620 3115 3692 superioris

1786 3702 2185 3773 compositionis
2207 3720 2292 3759 cos
2328 3720 2437 3758 non
2466 3702 2709 3773 fugerent
2726 3742 2740 3765 ,
2766 3710 2932 3756 motos
2966 3714 3077 3754 esse
3096 3740 3113 3759 ,

1789 3792 1851 3837 ut
1874 3790 2045 3836 artem
2082 3782 2357 3861 aliquam,
2378 3784 2449 3837 'et
2474 3778 2787 3835 methodum
2826 3776 3108 3833 certiorem

1788 3860 2223 3931 aggrederentur:
2246 3877 2371 3915 cum
2388 3869 2565 3917 autem
2584 3866 2886 3917 tentassent,
2910 3870 3111 3926 parum

1779 4072 1885 4124 dici
1914 4072 2153 4125 homines
2173 4111 2189 4135 ,
2210 4072 2300 4141 qui
2327 4072 2448 4124 istis
2466 4070 2604 4124 viris⁴
2620 4086 2815 4123 omnen
2832 4066 2955 4119 ideo
2977 4080 3111 4133 pro.

1780 4139 1927 4189 tinus
1958 4140 2201 4191 adimunt
2234 4138 2605 4194 eruditionem.
2632 4138 2823 4189 Alber.
2842 4132 3010 4186 Gen-t.
3052 4148 3109 4183 1.

1778 4209 1964 4280 Epist.
1996 4220 2045 4255 et
2088 4209 2233 4257 [καί.
2276 4206 2353 4256 13.
2388 4206 2449 4254 lu
2493 4219 2621 4269 quos
2658 4199 3103 4253 'l'ribouiauoma—

1780 4278 1943 4335 sugas
1976 4271 2179 4321 acriter
2201 4310 2218 4332 ,
2248 4278 2305 4320 et
2326 4270 2459 4320 scite
2488 4267 2763 4319 invehitur
2792 4265 2959 4329 Greg.
2996 4258 3109 4313 Lo·

1783 4352 1879 4401 pez
1914 4335 1971 4385 iu
2000 4336 2239 4407 1⁸1·oefa!.
2278 4337 2374 4388 Lib
2419 4340 2566 4398 sing.
2596 4332 2855 4386 Aninmd.
2886 4344 2935 4382 et
2960 4331 3105 4396 Cap.

1786 4416 1833 4468 7.
1860 4420 2007 4452 num.
2038 4400 2096 4467 4,
2128 4418 2317 4466 quem,
2349 4399 2393 4449 si
2428 4400 2575 4449 lubet
2596 4435 2614 4459 ,
2638 4398 2780 4449 vide.
2844 4450 2853 4461 .

1846 4465 1961 4533 (ιο)
1994 4474 2111 4533 Quo
2149 4470 2373 4535 quisque
2394 4500 2417 4526 ,
2449 4461 2635 4531 inquit
2662 4462 2829 4513 Gont-
2866 4476 2915 4511 1.
2964 4458 3105 4536 Sub·-

1783 4548 1891 4583 sec·
1928 4536 2074 4583 Lecae.
2114 4546 2193 4581 11.
2226 4550 2293 4582 ex
2326 4540 2529 4582 nostroe
2560 4528 2926 4599 pro-sessionis
2960 4540 3105 4575 vir-u

1781 4596 1887 4649 sibi
1922 4596 2142 4648 videtur·
2166 4599 2538 4661 ingeniosior,-
2577 4614 2637 4645 eo
2674 4604 2749 4643 est
2788 4588 2865 4643 ad
2899 4606 3104 4642 nouam

378 4657 570 4709 defessi
593 4696 608 4717 ,
631 4658 917 4725 aliquando
951 4660 1328 4711 succubuerint
1351 4698 1366 4720 ‚
1386 4661 1567 4724 inquit
1587 4660 1703 4711 Jnc.
1772 4662 1929 4728 juris
1961 4674 2135 4713 artem
2168 4658 2539 4729 pollicendum
2576 4656 2873 4711 audacium·

379 4722 534 4774 Curt.
577 4736 621 4771 1.
659 4726 906 4775 Confecto
944 4724 1022 4774 ad
1062 4728 1250 4779 Fratr.
1294 4726 1377 4788 5'3.
1427 4726 1497 4776 Et.
1535 4728 1698 4775 maie-
