3327 5214
191 226 298 287 etis
319 225 456 283 atati
481 221 556 281 ob
592 221 954 295 ignorantiam
992 226 1134 297 iuris
1169 242 1281 285 non
1322 228 1512 285 subve-

189 304 294 365 niri
311 346 326 369 .
356 304 697 361 meminerim
707 320 802 369 ue,
826 304 895 360 ad
921 305 1301 377 impunitatem
1325 305 1510 365 delicti

189 387 386 443 dictu-
413 396 522 439 esse
547 382 622 457 (1)
649 398 758 438 non
785 381 950 439 etiam
978 384 1048 439 ad
1073 396 1292 455 poensm
1323 386 1508 441 mode-

189 463 429 520 randam.
458 463 708 519 Etsinon
749 472 828 518 est
855 464 1078 533 impune
1103 462 1332 529 minori,
1354 462 1507 535 quod

183 541 440 613 antiquitt
479 548 658 598 tamen
687 556 850 612 poena
893 550 1109 613 propter
1149 552 1358 599 {etatem
1399 541 1505 599 mi-

183 621 274 677 nui
311 623 474 681 solet,
519 630 680 694 prout
715 620 882 691 judex
927 620 1232 677 faciendum
1271 636 1380 677 esse
1419 638 1510 677 co-

179 700 428 770 gnoverit.
471 700 535 757 1..
586 698 886 763 auxilium,
936 698 1000 754 D.
1041 702 1108 756 de
1130 701 1388 755 winerio.
1441 700 1504 756 1..

177 786 270 833 cut
300 780 484 851 rocta,
525 781 586 853 3.
614 792 805 850 pona,
847 778 906 833 D.
945 779 1009 833 do
1038 792 1183 847 poen.

246 856 316 912 X.
356 858 494 915 ΗΜ
514 856 604 915 ·de
643 856 712 913 iis
759 856 1001 921 delictis,
1041 856 1100 912 in
1149 852 1354 927 quibus
1389 857 1500 912 duo

179 934 302 1001 illa,
349 950 484 1009 qum
535 937 688 999 dixi,
737 941 1095 999 concurrunt,
1133 943 1196 989 ut
1233 942 1286 989 et
1321 932 1502 1004 probi-

175 1014 399 1069 beantur
423 1018 552 1088 jure
575 1013 822 1086 gentium
839 1052 855 1078 ‚
877 1022 930 1071 et
955 1012 1345 1085 prohibeantur
1371 1012 1500 1068 item

173 1091 522 1163 simpliciter:
562 1108 671 1149 non
714 1092 790 1147 ita
809 1130 824 1155 ,
847 1092 1053 1165 siquid
1081 1091 1206 1149 dolo
1245 1092 1390 1146 malo
1429 1090 1506 1147 ia-

171 1178 307 1227 ctu-
331 1170 432 1229 sit.
459 1172 618 1241 Quod
645 1172 708 1227 'si
749 1172 1072 1227 alterutrum
1113 1165 1312 1232 deerit,
1347 1170 1503 1241 igno-

174 1248 344 1305 rantia
371 1250 522 1323 iuris
550 1258 720 1323 potest
744 1262 852 1307 esse
876 1256 1144 1306 excusata.
1171 1248 1362 1319 ltaque
1395 1248 1506 1305 duo

166 1340 352 1399 gmcra
375 1328 714 1387 delictorum
731 1327 874 1385 hanc
888 1326 1284 1385 excusationem
1305 1325 1502 1383 admit-

167 1412 297 1463 tunt.
329 1406 597 1463 Primum
615 1448 631 1471 ,
655 1408 700 1463 si
726 1404 862 1476 quid
892 1405 1244 1477 prohibeatur
1266 1418 1380 1461 non
1416 1404 1503 1475 ju-

167 1500 218 1540 re
237 1486 529 1555 gentium,
561 1488 652 1545 sed
675 1485 802 1559 jure
841 1483 1010 1542 civili.
1036 1484 1160 1540 Non
1191 1484 1378 1539 eadem
1417 1498 1503 1539 ra·-

163 1559 236 1618 tio
255 1576 340 1620 est
363 1563 510 1637 juris
537 1564 814 1636 gentium,
842 1562 990 1635 quod
1017 1560 1256 1619 naturali
1297 1561 1504 1618 ratione

158 1643 420 1699 omuibus
463 1642 628 1701 insita
653 1638 912 1699 omnibus
939 1639 1220 1713 cognitum
1245 1647 1504 1704 estzcertc

162 1721 448 1791 cognitum
475 1721 676 1779 merito
711 1718 1081 1777 existimatur:
1113 1726 1168 1774 et
1199 1716 1337 1791 juris
1373 1717 1504 1774 civi-

161 1796 252 1861 lis,
275 1801 436 1871 quod
469 1800 680 1857 ratione
703 1798 948 1856 naturali
993 1812 1105 1853 non
1129 1804 1369 1859 constat,
1406 1796 1498 1853 sed

161 1875 304 1934 cirili
329 1920 347 1941 ,
371 1886 440 1934 ut
465 1879 770 1951 plurimum
799 1876 948 1941 aliis,
973 1876 1080 1933 nisi
1107 1875 1204 1947 qni
1231 1874 1290 1929 in
1306 1875 1501 1947 cojure

161 1957 352 2013 versati
383 1966 545 2022 sunt,
571 1958 772 2029 ignota.
785 1956 964 2013 Posita
995 1963 1074 2011 est
1100 1952 1252 2009 utilis
1277 1953 1392 2011 baec
1419 1952 1504 2009 di-

159 2034 380 2093 stinctio
435 2052 470 2091 a
521 2034 830 2108 Papiniano
873 2034 1060 2091 eodem
1103 2033 1202 2089 illo
1251 2032 1310 2089 in
1349 2032 1498 2095 loco,

161 2128 360 2185 nempe
401 2116 466 2173 in
509 2115 571 2171 L.
611 2117 674 2169 α’·
699 2114 1061 2175 adulterium,
1098 2111 1192 2167 38.
1229 2110 1292 2181 3.
1331 2110 1392 2165 2.
1433 2110 1499 2165 D.

159 2193 232 2247 ud
266 2192 411 2263 ίῳ.
454 2194 571 2249 Jot.
609 2193 676 2249 dc
735 2193 904 2248 adult.
957 2188 1094 2245 Cum
1147 2188 1380 2253 mulier,
1417 2187 1501 2245 in-

157 2270 300 2340 quit.
363 2272 636 2328 incestum
687 2273 807 2344 jure
860 2268 1104 2341 gentium
1162 2266 1500 2338 prohibitum

157 2349 410 2413 admisit,
451 2364 646 2421 nempe
698 2348 816 2405 sine
864 2346 1244 2409 matrimonio,
1277 2358 1493 2417 poenam

159 2426 466 2498 legitimam
509 2426 750 2484 sustinet.
775 2426 932 2495 Quod
974 2428 1022 2481 si
1060 2428 1176 2481 solo
1211 2427 1363 2495 juris
1401 2440 1494 2479 no-

159 2510 250 2561 stri
292 2508 608 2563 observafio
643 2506 994 2570 inter-vertiam
1047 2506 1248 2560 mulier
1303 2502 1374 2559 ab
1409 2505 1494 2557 in·

156 2588 270 2640 cesti
311 2589 546 2643 erim
585 2588 690 2641 crit
727 2591 996 2642 excusata.
1020 2583 1172 2640 Juris
1200 2579 1378 2639 civilis
1399 2581 1496 2638 ob-

157 2665 390 2722 nrt-rio
420 2664 741 2727 intervenit.
779 2679 906 2720 cum
949 2661 1149 2718 mulier
1191 2663 1490 2718 secundum

159 2742 392 2800 formam
423 2743 566 2816 juris
592 2741 1004 2799 matrimonium
1031 2741 1252 2811 publice
1277 2749 1492 2796 contra-

155 2821 230 2876 xit
267 2837 404 2878 cum
437 2837 526 2888 eo,
553 2837 678 2878 cum
705 2837 818 2893 quo
843 2819 1076 2876 incestus
1101 2827 1244 2880 erat.
1270 2817 1330 2873 in
1355 2835 1418 2874 eo
1441 2833 1497 2873 se

31 2882 33 2897 ἶ
153 2897 368 2970 legibus
407 2909 464 2957 et
483 2900 598 2973 juri
625 2897 777 2956 civili
803 2899 872 2954 de
899 2897 1271 2954 matrimoniis
1288 2936 1302 2960 ,
1325 2907 1380 2953 et
1405 2912 1495 2952 co-

157 2977 576 3046 niunctionibus
623 2978 930 3035 satisfacere
999 2976 1331 3032 existimans.
1392 2976 1494 3032 Su-

157 3055 306 3128 bjicit
343 3058 498 3114 enim
542 3060 600 3132 3.
654 3071 758 3129 seq.
798 3057 866 3114 Si
903 3053 1058 3111 modo
1103 3058 1356 3111 incestum
1385 3067 1492 3124 per

155 3141 560 3200 matrimonium
597 3137 850 3192 illicitum
874 3141 1198 3191 contractum
1223 3136 1308 3190 sit.
1329 3133 1482 3188 Idem

157 3214 538 3280 emimentem
587 3215 809 3272 statne
862 3211 1088 3284 dem'quc
1137 3212 1485 3282 Imperatores

161 3291 398 3349 Claudio
447 3297 647 3350 crimen
699 3295 886 3348 incesti
921 3299 1144 3362 propter
1177 3297 1378 3346 matam
1401 3306 1485 3346 rc-

160 3373 412 3428 ·r‘scnnt
426 3391 448 3424 .·
497 3373 593 3428 scd
641 3370 876 3428 distrahi
923 3371 1340 3440 conjunctionem
1373 3367 1485 3423 illu·-

159 3451 314 3505 et'tom
325 3455 644 3524 Jusserunt:
668 3465 790 3505 cum
827 3451 970 3504 alias
1009 3447 1266 3504 adulterit·
1289 3451 1486 3502 crimen

163 3530 296 3597 quoa
334 3529 622 3600 pubertate
662 3529 994 3599 delinquitur
1007 3569 1022 3591 ,
1060 3543 1168 3582 non
1209 3531 1484 3582 excusetur

163 3615 318 3663 aare.
369 3607 518 3664 Nom
569 3613 622 3663 et
665 3606 915 3663 mulieres
961 3609 1020 3662 t'n
1066 3606 1196 3676 jin-0
1248 3611 1485 3661 mames

165 3682 443 3758 (intellige
467 3685 526 3742 in
554 3687 740 3742 cadem
773 3698 956 3741 caussa
982 3685 998 3764 )
1038 3687 1218 3740 incesti
1255 3685 1476 3740 ‹tv-imino

167 3777 262 3818 non
283 3769 456 3822 tenen·
471 3805 488 3828 ,
511 3779 677 3838 supro
701 3761 900 3818 diuum
925 3771 1026 3826 cst,
1063 3780 1180 3818 cum
1217 3767 1278 3818 in
1319 3761 1477 3817 aclut-

167 3845 286 3897 terto
315 3849 594 3900 commsro
631 3843 846 3898 nullam
884 3839 1074 3899 habero
1095 3843 1299 3914 possint
1321 3855 1478 3896 excre-

167 3923 422 3978 ationem.
463 3923 612 3978 Idem
651 3925 712 3976 in
753 3921 816 3994 3.
855 3919 1120 3976 incestum
1147 3930 1361 3982 autem3
1390 3919 1478 3974 Ιπ-

171 4008 340 4056 oemm
367 4007 548 4056 autem
564 4040 579 4065 ‚
603 3999 746 4072 quod
773 4015 880 4070 per
920 3999 1164 4055 illicitam
1205 4001 1476 4052 matrimo-

173 4077 244 4130 nii
269 4082 685 4149 conjunctionem
739 4081 1040 4135 adntittitur
1057 4119 1072 4136 .
1111 4079 1358 4134 excusari
1393 4092 1474 4132 so-

177 4151 380 4214 lens-‘ru
399 4197 416 4222 ,
437 4159 528 4212 ccl
547 4165 723 4220 onte,
749 4158 837 4213 vel
873 4160 1032 4213 etiam
1061 4156 1325 4226 pumma·
1363 4171 1474 4211 cor-

175 4237 407 4300 rectione,
446 4249 556 4307 quo
591 4235 864 4306 bonoefiae
899 4237 1182 4291 intervenit
1223 4233 1324 4307 (ea
1363 4243 1472 4299 est,

181 4321 280 4368 tum
317 4315 460 4370 bona
505 4316 614 4370 lide
639 4315 842 4370 factum
869 4323 948 4372 est
971 4315 1266 4370 divortium
1289 4313 1472 4375 simul,

183 4395 316 4461 itque
338 4409 490 4450 error
513 4403 816 4466 compertus
839 4401 942 4458 est,
967 4393 1086 4450 aad.
1127 4395 1190 4449 L.
1228 4392 1288 4466 3.
1310 4392 1472 4449 iidem

236 4572 296 4646 (¹)
321 4577 450 4630 vid.
486 4579 782 4650 Tiraqucll.
822 4585 922 4636 Tr.
954 4579 1024 4632 de.
1051 4585 1198 4634 Pam.
1223 4591 1382 4643 temp.
1408 4585 1463 4628 et

183 4643 543 4717 muricatim&
579 4643 660 4700 Ex
691 4645 878 4715 quibus
911 4645 1052 4696 nihii
1087 4644 1210 4695 ideo
1241 4644 1296 4692 in
1335 4659 1463 4709 μνε-

185 4713 436 4762 Qunam
468 4713 644 4766 refero
658 4749 678 4774 ‚
708 4711 830 4782 quia
865 4712 1054 4764 borum
1093 4709 1348 4762 librorum
1379 4708 1466 4760 in-

917 116 1011 179 us
1045 100 1232 180 'man
1269 118 1492 183 cmm
1532 124 1667 183 Lm.
1704 122 1747 183 1.
1786 122 1939 185 cst).
1982 124 2163 187 xxn.

2792 130 2901 197 182

1581 234 1927 301 imperatores
1950 232 1967 305 )
1991 237 2173 305 utique
2196 236 2243 290 σε·
2274 248 2433 289 error
2454 232 2737 303 elimetur,
2760 232 2907 314 etja-

1581 312 1739 367 cs'lius
1754 350 1769 374 ,
1805 314 1855 367 st
1872 325 2026 367 nemo
2050 328 2201 368 rcum
2216 314 2528 381 postulavit.
2565 313 2647 370 Ex
2674 313 2776 371 hac
2815 331 2902 370 ra-

1581 386 1730 443 tione
1766 398 1868 454 est,
1917 391 2094 461 quod,
2132 404 2258 445 cum
2308 388 2533 453 mulier,
2586 406 2697 449 non
2738 392 2903 465 petita

1585 466 1895 533 abolitione,
1918 470 1993 524 ab
2019 470 2359 526 aestuatione
2394 468 2513 525 sine
2538 470 2787 541 pactione
2812 471 2906 526 de·

1577 543 1743 601 stitit:
1768 546 1971 617 placet,
2008 560 2128 603 eam
2158 564 2269 604 non
2294 545 2532 603 incidere
2576 547 2636 603 in
2674 549 2904 605 Senatu-

1581 625 1914 681 sconsultum
1954 625 2367 697 Turpilianum‚
2390 640 2517 681 cnm
2552 625 2761 692 caneri,
2802 625 2901 698 qui

1581 700 1726 757 idem
1758 702 1973 767 faciant,
1990 706 2093 760 Sen
2102 704 2393 761 usconsulti
2410 716 2567 775 poena
2598 712 2901 762 teneantur.

1583 778 1638 833 L.
1684 781 1732 835 1.
1772 782 1831 855 3.
1866 787 2245 839 accusationem
2274 784 2333 838 L.
2359 784 2581 848 mulier,
2608 783 2675 839 D.
2702 786 2777 841 aa
2807 784 2901 841 Se-

1575 864 1841 917 naturaie.
1886 860 2119 931 Tuo-pru.
2156 864 2219 918 L.
2258 864 2306 918 si
2338 865 2589 935 sentina,
2628 863 2687 918 C.
2713 865 2825 919 eod.
2852 860 2901 915 1-

1577 935 1811 1009 demque
1837 938 2035 995 minori
2063 938 2343 996 tribuitur.
2368 942 2423 996 d.
2462 941 2523 995 L.
2568 942 2619 996 1.
2658 942 2717 1014 3.
2742 956 2899 996 occu-

1575 1018 1844 1075 sationem.
1884 1022 1945 1073 in
1980 1018 2073 1087 fin.
2110 1020 2245 1075 item
2284 1019 2459 1090 quod.
2496 1034 2621 1073 cum
2658 1018 2901 1090 prohibi-

1581 1100 1700 1149 tum
1728 1095 1819 1158 sit,
1860 1112 1949 1153 eos
1968 1136 1983 1161 ,
2020 1097 2121 1169 qui
2164 1098 2234 1153 ad
2260 1097 2573 1153 testamenta
2612 1097 2896 1155 scribenda

1581 1170 1945 1239 adhibentur,
1967 1174 2215 1247 quamvis
2240 1176 2477 1232 dictante
2502 1184 2771 1241 testatore,
2796 1173 2898 1231 ali-

1579 1250 1727 1319 quod
1756 1255 2185 1311 emolumentum
2213 1254 2318 1313 sibi
2348 1254 2591 1311 futurum
2632 1256 2896 1315 scribere.

1578 1338 1630 1384 et
1657 1344 1811 1399 poena
1846 1332 1977 1403 legis
2016 1331 2277 1389 Comeliae
2302 1332 2515 1388 facienti
2544 1331 2775 1403 irrogata
2802 1332 2896 1388 sit:

1579 1411 1759 1464 tamen
1803 1411 1958 1467 venia
2002 1412 2159 1466 detur
2194 1410 2505 1481 deprecanti
2558 1424 2773 1481 poenam
2824 1410 2895 1465 ob

1581 1484 1982 1555 ignorantiam,
2010 1494 2061 1544 et
2086 1487 2386 1560 profitenti,
2411 1504 2465 1544 sc
2506 1506 2537 1545 a
2579 1487 2765 1544 relicto
2812 1488 2900 1543 di-

1579 1562 1819 1630 scedem,
1854 1566 1917 1623 L.
1942 1566 1995 1623 3.
2050 1568 2109 1625 C.
2162 1570 2225 1624 dc
2280 1568 2390 1631 his,
2440 1570 2539 1637 qui
2585 1568 2686 1623 sibi
2724 1567 2895 1622 adser.

1581 1643 1716 1697 dum
1744 1659 1819 1699 eoe
1856 1644 1965 1701 sint
1990 1660 2253 1717 personae,
2278 1645 2335 1701 iu
2363 1643 2565 1717 quibus
2584 1646 2721 1717 juris
2748 1644 2897 1716 igno·
2946 1667 2952 1675 ·

1579 1719 1755 1778 rantia
1786 1722 2014 1788 feratur,
2030 1734 2091 1781 ut
2116 1724 2367 1781 soeminoe.
2396 1724 2455 1779 L.
2481 1723 2675 1787 Divus,
2698 1724 2758 1797 3.
2784 1740 2896 1779 ma·-

1579 1803 1652 1855 tn'
1668 1838 1685 1863 ,
1711 1799 1778 1855 D.
1812 1800 1875 1857 de
1899 1804 2026 1871 ίῳ.
2064 1804 2273 1859 cornel.
2310 1802 2436 1875 sols.
2478 1800 2587 1856 Cur
2610 1816 2735 1874 ergo
2772 1816 2895 1873 quae

1579 1876 1849 1935 commisit
1874 1881 2201 1937 adulterium
2216 1920 2230 1944 ,
2254 1881 2465 1936 nullam
2492 1880 2657 1935 habet
2678 1896 2896 1937 excusa-

1579 1954 1811 2019 tionem.
1862 1956 1955 2014 sed
1993 1956 2307 2015 omnimodo
2356 1958 2587 2015 crimine
2636 1958 2893 2015 adulterii

1577 2040 1818 2091 tenetur:
1868 2035 1965 2108 qui
2016 2046 2197 2093 autem
2236 2037 2509 2109 superiora
2561 2052 2669 2091 non
2710 2037 2895 2095 minus

1575 2123 1763 2171 contra
1800 2113 1971 2185 legem
1999 2114 2244 2179 admisit,
2270 2114 2481 2186 legibus
2518 2130 2629 2171 non
2652 2116 2895 2171 tenetur?

1573 2192 1719 2260 Quia
1760 2193 2089 2249 adulterium
2132 2194 2453 2265 prohibetur
2484 2194 2605 2265 jure
2629 2192 2893 2265 gentium,

1575 2271 1733 2343 cujus
1760 2270 2063 2341 ignorantia
2090 2271 2147 2329 in
2176 2273 2329 2327 nullo
2354 2280 2431 2327 est
2456 2271 2777 2343 probabilis:
2803 2288 2893 2343 po-

1573 2350 1797 2405 steriora
1837 2350 2195 2421 prohibentur
2228 2351 2351 2421 jure
2386 2349 2561 2416 civiii,
2598 2350 2745 2423 quod
2772 2366 2887 2407 non

1571 2436 1650 2483 est
1676 2427 1967 2500 ejusmodi,
2004 2435 2064 2483 ut
2105 2428 2362 2501 cuiquam
2399 2428 2605 2485 ratione
2642 2429 2753 2485 sola
2796 2446 2891 2485 na-

1573 2505 1741 2562 turali
1770 2506 1951 2563 venire
1976 2505 2140 2579 possit
2164 2507 2225 2564 in
2250 2515 2504 2563 mentem.
2542 2508 2646 2564 Sed
2674 2524 2782 2564 non
2810 2508 2889 2565 ita

1577 2583 1634 2640 in
1677 2584 1777 2641 hoc
1830 2600 2025 2656 genere
2069 2586 2385 2657 ignorantiae
2425 2582 2567 2659 juris
2620 2587 2889 2644 excusatio

1569 2671 1673 2720 est:
1702 2671 1763 2720 ut
1788 2664 2063 2722 tribuatur
2079 2665 2375 2736 promiscue
2390 2665 2672 2731 omnibus;
2700 2682 2887 2722 verum

1569 2739 1638 2800 iis
1661 2751 1909 2805 tantum,
1934 2743 2137 2814 quibus
2170 2745 2257 2817 ius
2295 2744 2542 2814 ignorare
2568 2744 2887 2814 permissum

1571 2837 1711 2884 esse,
1736 2820 2001 2886 diximus,
2024 2837 2148 2876 cum
2176 2824 2243 2878 de
2278 2823 2493 2879 damnis
2533 2822 2728 2894 agitur.
2767 2823 2888 2878 Tri-

1575 2899 1766 2955 buitur
1806 2899 1972 2970 igitur
2006 2900 2355 2962 mulieribus.
2392 2909 2445 2956 et
2484 2900 2800 2963 minoribus,
2834 2902 2888 2956 d.

1571 2975 1636 3032 L.
1682 2975 1731 3032 1.
1772 2978 1831 3050 3,.
1870 2981 2269 3036 occusatioacm.
2305 2978 2453 3036 Vers.
2480 2979 2679 3034 Merito
2702 2979 2888 3052 itaque

1569 3056 1644 3110 od
1683 3055 1954 3114 Somtusc.
2000 3057 2228 3128 Turpill.
2265 3056 2318 3112 ἀ.
2358 3057 2419 3111 L.
2448 3057 2642 3120 Divus,
2677 3057 2735 3130 3.
2773 3073 2887 3112 ma-

1563 3137 1637 3190 m·
1653 3175 1669 3198 ‚
1692 3137 1757 3192 de
1783 3135 1911 3204 Leo.
1936 3134 2141 3192 Comei.
2166 3138 2231 3192 dc
2244 3137 2371 3210 sols.
2394 3133 2684 3190 Tribuitur
2708 3144 2760 3191 et
2784 3134 2888 3191 mi-

1565 3212 1773 3270 litibus.
1824 3213 1887 3270 L.
1924 3228 2049 3282 ραι.
2090 3213 2148 3270 C.
2186 3215 2250 3270 de
2290 3214 2403 3275 his.
2443 3215 2538 3284 qm·
2575 3213 2677 3272 sibi
2714 3215 2889 3270 adm.-

1567 3290 1904 3348 Rusticitatis
1927 3290 2179 3362 allegatio
2206 3290 2297 3347 vix
2322 3301 2401 3348 est
2416 3331 2429 3354 ‚
2456 3297 2515 3348 ut
2540 3289 2799 3350 audiatur
2820 3292 2881 3349 in

1563 3368 1650 3425 his
1690 3368 1921 3433 caussis,
1970 3384 2096 3425 cum
2139 3367 2375 3441 imperiti
2418 3385 2528 3425 non
2570 3369 2680 3428 siut
2702 3387 2883 3443 neque

1563 3450 1660 3520 qui
1680 3449 1749 3504 ad
1764 3453 2082 3504 testamenta
2108 3446 2393 3504 scribenda
2421 3447 2766 3516 adhibentur,
2782 3465 2883 3508 nec

1561 3528 1659 3598 qui
1687 3529 1755 3582 ad
1784 3525 2174 3584 accusationem
2205 3541 2374 3598 usque
2390 3538 2771 3600 processerunt.
2788 3527 2883 3585 Sa-

1561 3621 1630 3662 nc
1657 3605 1716 3662 in
1744 3604 1946 3664 incesto
1970 3604 2189 3663 admitti
2208 3613 2374 3679 potest
2390 3604 2707 3664 rusticitatis
2720 3625 2881 3664 excu-

1553 3683 1691 3742 satio
1710 3724 1727 3748 ‚
1762 3700 1887 3740 cum
1928 3693 1981 3740 et
2002 3701 2157 3744 sexus
2182 3696 2487 3749 excusetur3
2523 3685 2671 3740 sexui
2698 3696 2879 3744 autem

1553 3770 1895 3836 comparetur
1946 3763 2227 3820 rusticitas.
2268 3762 2331 3822 L.
2370 3764 2425 3821 2.
2463 3769 2525 3821 in
2572 3763 2667 3834 fin.
2706 3765 2777 3822 D.
2814 3767 2878 3822 dc

1541 3844 1662 3914 jur.
1687 3843 1801 3912 fise.

1628 3921 1731 3977 xl.
1772 3919 1893 3976 Non
1931 3919 2109 3978 solum
2150 3932 2330 3980 autem
2374 3919 2503 3976 huic
2542 3917 2879 3977 excusationi

1553 3997 1702 4064 locus
1740 4008 1817 4058 est
1858 3997 1915 4056 in
1957 3999 2068 4066 his,
2108 4016 2230 4072 quae
2252 4000 2373 4071 iure
2398 3995 2552 4053 civili
2582 3997 2877 4068 probiben-

1552 4079 1781 4140 turzsed
1822 4079 2221 4150 etgeneraliter
2264 4079 2321 4133 in
2362 4093 2424 4132 eo
2466 4091 2661 4145 genere
2692 4117 2707 4140 ,
2744 4091 2873 4134 cum

1551 4156 1685 4228 quid
1726 4156 1801 4211 ita
1842 4157 2192 4228 prohibetur,
2220 4172 2289 4212 ne
2315 4155 2439 4212 dolo
2472 4155 2617 4210 malo
2644 4153 2754 4216 fiat3
2780 4165 2876 4212 aut

1548 4250 1703 4306 poena
1733 4235 2165 4299 constituitur-‚si
2190 4234 2326 4306 quid
2355 4232 2482 4288 dolo
2510 4232 2655 4288 malo
2669 4231 2873 4290 factum

1548 4313 1634 4370 sit.
1673 4313 1784 4368 Nec
1822 4312 2101 4378 intererit,
2135 4319 2323 4370 utrum
2346 4310 2471 4382 jure
2500 4309 2653 4366 civili
2692 4311 2876 4382 prohi-

1550 4391 1729 4448 bitum
1762 4390 1863 4456 sit,
1896 4407 1969 4446 an
2002 4391 2125 4464 iure
2165 4388 2443 4464 gentium:
2485 4395 2548 4445 ut
2592 4389 2653 4446 in
2694 4389 2873 4461 priore

1541 4580 1789 4654 stitutum
1832 4593 1887 4628 ca
1938 4583 2183 4656 tantum,
2213 4595 2327 4647 quoe
2363 4577 2429 4631 ad
2476 4580 2555 4652 jus
2598 4577 2869 4645 privatum

1543 4649 1819 4712 pertinent
1834 4683 1854 4708 ,
1888 4657 2118 4712 exsequi.
