3327 5214
455 195 522 256 ³1
824 150 835 160 ’
1265 187 1590 248 umoris
1621 187 1940 253 nomm
1982 185 2353 246 comanam.
3088 181 3156 246 ³2

457 314 637 382 iprum
677 310 900 356 suarum
939 292 1221 352 net-essitas
1257 303 1413 355 esset,
1451 293 1508 349 id
1547 301 1626 349 est
1665 293 1711 368 (1
1726 293 1779 366 1)

457 390 608 441 ante,
642 391 814 447 quam
854 377 970 432 ullu
1009 371 1279 439 dominia,
1328 381 1424 428 aut
1469 387 1630 427 suum
1681 384 1775 426 eii-

452 458 712 530 jusqumn
755 457 1130 509 nominaretur
1167 451 1224 506 in
1265 451 1441 508 rebus.
1481 450 1667 521 Hujus
1688 461 1776 519 ge-

457 533 602 590 neris
643 533 756 588 haec
795 543 922 590 sunt
961 533 1017 587 in
1057 546 1300 587 summas
1337 543 1458 598 erga
1487 529 1662 584 Deum
1694 543 1777 583 re-

457 613 610 684 Ιίςὶος
627 625 748 680 erga
769 617 1040 684 parentes,
1061 617 1114 665 et
1139 609 1367 680 patriam
1397 607 1584 680 pietas,
1608 613 1775 676 atque

459 685 826 748 observantia:
870 691 929 745 L.
965 689 1021 744 2.
1060 687 1130 744 D.
1163 689 1226 742 de
1245 689 1420 758 jvsm.
1445 693 1494 740 et
1510 688 1628 756 jur.
1651 695 1777 755 erga

455 777 675 826 ezr-ieros
722 767 939 832 caritas;
978 775 1031 822 et
1068 779 1192 820 cum
1243 765 1328 821 his
1373 765 1466 837 J’us
1513 763 1779 820 naturalis

457 849 745 920 eujusdam
793 843 1153 915 cognationis,
1201 857 1324 914 quae
1379 841 1568 898 eadem
1618 849 1788 905 vetet,

457 943 618 982 suum
657 925 914 994 cuiquam
965 921 1201 986 detrahi,
1241 922 1496 978 omnibus
1543 921 1789 992 prodesse

456 1005 676 1077 jubeat,
726 1003 876 1072 quod
915 1001 1035 1072 eius
1079 1001 1240 1056 liceat
1287 1001 1402 1056 sine
1451 999 1686 1070 injuria,
1734 1005 1787 1055 et

459 1081 807 1140 incommodo
845 1097 942 1136 suo
985 1080 1044 1135 L.
1092 1079 1146 1133 3.
1197 1079 1264 1135 D.
1311 1080 1422 1135 eod.
1463 1078 1620 1133 Unde
1670 1076 1786 1133 htec

457 1159 722 1233 principia
763 1159 924 1230 juris:
977 1156 1218 1213 Alterum
1264 1172 1370 1210 mm
1419 1157 1641 1219 Ioedere,
1682 1158 1784 1225 jm

459 1257 614 1294 sumn
651 1240 836 1309 cuique
875 1235 1120 1291 tribuere.
1162 1235 1220 1289 1,.
1252 1233 1486 1304 justitia,
1529 1233 1596 1288 D.
1632 1236 1743 1289 eoa.

537 1319 608 1374 X.
645 1313 851 1372 Natum
890 1322 967 1369 est
1005 1321 1181 1385 postea
1207 1311 1318 1385 (12)
1343 1313 1492 1382 quod
1519 1312 1784 1368 naturali-c

450 1376 684 1467 'quidem
711 1392 850 1449 ratio
876 1401 929 1449 et
955 1393 1064 1463 ipsa
1091 1391 1392 1455 constituit,
1417 1391 1508 1446 sed
1535 1389 1646 1464 (is)
1678 1406 1779 1447 usu

459 1477 729 1542 exigente,
754 1480 806 1527 et
845 1469 1244 1526 necessitatibus
1268 1468 1544 1536 humanis,
1583 1482 1707 1539 quae
1746 1483 1777 1524 a

461 1553 638 1622 primo
677 1547 914 1608 hominis
952 1556 1076 1604 ortu
1115 1549 1454 1618 ingruerunt.
1479 1547 1538 1620 s.
1555 1549 1655 1616 Jus
1679 1563 1778 1603 au-

459 1639 562 1686 tem
596 1633 866 1700 acutium,
903 1621 1035 1684 Ina.
1073 1627 1138 1682 de
1167 1629 1289 1695 jur.
1323 1631 1437 1680 nar.
1474 1623 1641 1698 Cujus
1688 1641 1776 1698 go-

459 1710 605 1764 neris
643 1709 814 1762 muita
855 1711 1355 1761 commemorantur
1393 1703 1451 1759 in
1493 1703 1554 1760 L.
1586 1719 1777 1759 mame-

460 1791 754 1850 missiones,
795 1781 848 1840 4.
887 1792 940 1840 et
981 1783 1041 1838 L.
1078 1799 1148 1839 ea:
1187 1782 1281 1838 hoc
1309 1785 1473 1851 juro,
1511 1780 1563 1836 5.
1605 1781 1673 1836 D.
1710 1783 1773 1839 do

455 1869 588 1935 just.
625 1869 676 1920 et
706 1867 823 1933 jur.
870 1861 962 1917 sed
1011 1859 1256 1924 confuse,
1294 1868 1346 1916 et
1383 1857 1538 1914 nulia
1587 1861 1771 1918 addita

463 1959 531 1998 ne.
568 1939 958 2012 significatione
997 1939 1248 2010 quidem,
1286 1953 1395 2010 qua
1437 1937 1518 1993 vei
1558 1937 1661 1992 hoe
1690 1954 1775 2010 ge-

463 2037 568 2076 nus
605 2019 1025 2090 distingueretur
1064 2033 1094 2072 a
1137 2013 1313 2088 priore
1367 2016 1465 2074 iilo
1515 2026 1686 2080 recto,
1722 2028 1776 2076 et

461 2099 798 2162 indubitatoe
835 2103 930 2152 aut
967 2109 1154 2151 earum
1193 2110 1377 2150 rerum
1417 2109 1637 2160 caussae,
1677 2096 1780 2154 ini-

461 2181 561 2242 tia,
601 2193 663 2232 ac
703 2190 1007 2248 progressus
1043 2181 1375 2230 notarentur.
1413 2173 1570 2240 Quod
1611 2175 1670 2230 in
1696 2171 1782 2230 his

463 2255 800 2312 recensendis
851 2253 1134 2312 faciemus,
1179 2267 1292 2307 non
1341 2253 1517 2308 solum
1567 2251 1668 2319 ita,
1720 2263 1782 2310 ut

462 2351 652 2390 ‹·.··rum
677 2333 860 2395 initia,
886 2340 938 2387 et
965 2345 1294 2402 progressus-»3
1317 2329 1407 2386 sed
1433 2331 1779 2401 singularum

462 2416 626 2470 etiam
665 2409 830 2466 veluti
869 2410 1067 2478 gradus
1103 2408 1305 2480 percipi
1344 2409 1561 2480 possint.

541 2493 643 2548 XI.
697 2484 825 2548 Fuit
877 2503 1005 2556 ergo
1057 2487 1112 2542 in
1167 2485 1336 2543 initiis
1373 2485 1540 2559 hujus
1589 2487 1784 2546 mundi

464 2583 701 2643 tempus,
727 2583 854 2626 cum
881 2567 948 2622 ad
991 2565 1252 2623 tuendam
1293 2563 1460 2623 vitam
1505 2565 1650 2625 nihil
1690 2565 1783 2626 do-

465 2650 677 2712 miniis,
715 2658 812 2719 aut
851 2662 1032 2702 rerum
1075 2643 1419 2701 distinctione
1457 2661 1592 2717 opus
1631 2654 1780 2703 esset.

465 2730 602 2783 Cum
628 2727 774 2782 enim
803 2727 912 2781 duo
929 2724 1173 2779 homines
1187 2722 1362 2796 primo
1386 2724 1592 2782 conditi
1609 2734 1781 2782 essent

464 2826 506 2884 a·
529 2808 663 2867 Deo:
687 2820 750 2861 ae
776 2805 872 2859 diu
899 2804 1069 2859 multo
1097 2812 1211 2872 post
1227 2804 1384 2874 pauci
1400 2802 1783 2861 fuissentnan-

464 2896 580 2941 tum
611 2885 714 2941 suit
741 2882 896 2938 vacui
929 2880 984 2934 in
1013 2881 1112 2935 hoc
1139 2882 1366 2942 orbe‚et
1393 2880 1450 2937 in
1481 2884 1640 2938 rebus
1657 2898 1782 2939 eon-

464 2964 794 3025 ditis;tanta
839 2960 1060 3015 utilium
1105 2968 1156 3015 et
1185 2961 1456 3015 bonarum
1501 2977 1686 3017 rerum
1719 2978 1781 3017 u-

465 3042 630 3115 hidue
657 3038 955 3097 affluentia:
986 3047 1045 3093 ut
1067 3037 1271 3109 singuli
1289 3038 1533 3095 homines
1548 3040 1615 3095 de
1638 3056 1783 3095 eom-

464 3122 862 3177 muni·sumere
889 3125 1124 3189 possent,
1148 3126 1418 3188 quantum
1434 3119 1651 3182 vellent,
1667 3119 1782 3175 sine

465 3199 687 3254 alterius
715 3198 917 3269 injuria
933 3238 947 3261 ,
973 3203 1067 3252 aut
1081 3196 1385 3252 offensione.
1403 3197 1474 3253 At
1501 3204 1785 3268 postquam

463 3287 607 3332 terra
637 3276 989 3336 multitudine
1016 3273 1303 3329 hominum
1333 3274 1665 3347 frequentari
1683 3292 1786 3332 οω-

463 3354 568 3426 pti:
588 3364 728 3410 recta
757 3356 893 3412 ratio
917 3370 1020 3409 usu
1043 3362 1095 3409 et
1109 3354 1439 3424 experientia
1465 3356 1783 3412 confirmata

465 3435 675 3495 docuit,
699 3444 794 3490 aut
818 3433 916 3489 din
950 3441 1092 3489 stare
1132 3448 1242 3489 non
1284 3449 1432 3504 poaee
1469 3450 1642 3505 genus
1684 3434 1784 3490 hu·-

465 3528 726 3567 manum:
752 3522 848 3567 aut
873 3513 930 3566 in
957 3511 1055 3575 iis,
1089 3526 1212 3581 quae
1252 3513 1582 3577 colerentur,
1619 3528 1781 3568 suum

467 3592 668 3661 cuique
716 3590 1180 3652 constituendum,
1217 3591 1364 3661 quod
1405 3591 1638 3663 quisque
1676 3591 1785 3663 pri-

463 3670 634 3725 vatim
661 3669 764 3725 sibi
793 3670 1019 3731 coleret,
1043 3682 1260 3739 quoque
1301 3668 1396 3723 alii
1437 3670 1554 3725 sine
1594 3670 1784 3725 volun-

463 3756 574 3803 tate
599 3748 809 3803 domini
836 3744 1110 3818 pervenire
1145 3761 1254 3799 non
1291 3746 1492 3804 liceret.
1533 3748 1786 3805 Commu-

463 3827 631 3882 nione
667 3828 814 3881 enim
852 3833 1131 3885 manente,
1167 3825 1494 3882 alterutrum
1537 3828 1783 3883 futurum

467 3917 604 3961 erat:
632 3916 724 3961 aut
755 3915 812 3959 ut
839 3914 978 3959 terra
1005 3909 1220 3973 propter
1259 3906 1608 3972 quorundam
1649 3907 1784 3961 desi-

467 3986 615 4040 diam
636 4026 650 4047 ,
673 3994 724 4040 et
749 3982 1089 4040 cessationem
1117 3982 1188 4035 ab
1214 3982 1336 4037 aliis
1370 4000 1587 4056 quoque
1615 3986 1785 4054 negli-

465 4074 711 4137 geretur„
736 4080 796 4117 ac
824 4063 1068 4133 negtectu
1098 4059 1304 4119 inculta
1331 4062 1557 4135 jaceret:
1588 4075 1682 4121 aut
1710 4074 1785 4129 ut,

531 4316 640 4383 (ιι)
673 4310 818 4365 Diss.
845 4315 1045 4369 Vacon.
1073 4334 1120 4367 1.
1151 4318 1301 4371 Decl.
1335 4334 1408 4367 ii.
1429 4318 1783 4371 dominiorum

467 4380 728 4445 originem
755 4381 854 4449 juri
881 4382 1136 4447 primaevo
1169 4382 1471 4435 adscribens
1495 4402 1588 4461 per
1611 4386 1657 4457 §.
1706 4404 1784 4436 ιι.

469 4452 608 4501 Just.
642 4447 710 4497 cle
737 4466 851 4498 rer.
890 4448 1004 4499 diu.
1039 4448 1131 4499 ubi
1169 4448 1462 4499 dominium
1503 4460 1785 4503 inventum

467 4512 666 4561 dicitur
693 4514 803 4579 jure
839 4513 1066 4563 naturali
1091 4553 1104 4575 ,
1144 4514 1284 4580 quod
1319 4530 1432 4565 cum
1461 4516 1573 4583 ipso
1598 4534 1785 4581 genere

465 4576 696 4625 humano
720 4584 906 4627 natura
931 4578 1186 4645 prodidit.

533 4642 648 4707 (12)
671 4640 824 4711 Quod
845 4658 976 4706 non,
999 4644 1078 4694 uti
1115 4644 1274 4706 illud,
1301 4652 1380 4695 est
1405 4662 1430 4694 a
1459 4648 1662 4697 ratione
1698 4664 1789 4697 na-

469 4708 630 4773 turali
656 4706 980 4773 incorrupta:
1009 4710 1094 4759 sod
1122 4728 1146 4757 a
1173 4709 1319 4775 lapsu
1338 4711 1640 4777 depravata.
1670 4711 1787 4763 Pac.

477 4787 518 4823 1.
547 4768 616 4841 Q.
639 4772 836 4839 anwed
858 4792 882 4823 a
909 4777 1140 4829 naturali
1165 4776 1391 4841 ratione,
1409 4794 1512 4831 uun
1531 4780 1791 4844 ιὼῐιιίῑίυ,

1852 291 2181 364 quibusdam
2204 289 2510 350 colentibus
2524 299 2605 356 fet
2628 290 3031 354 laborantibus.
3052 290 3159 354 aiii.

1834 371 1949 442 ,qui
1976 369 2132 426 nihir
2146 369 2472 444 attigissent,
2508 365 2571 427 ni
2615 379 2821 444 partein
2862 371 3161 428 eommodo-

1853 465 1976 505 rum
2004 449 2276 513 venirent,
2300 454 2353 506 et
2376 449 2570 506 alienis
2593 449 2873 506 Iahon->ibus
2910 451 3029 506 sine
3052 451 3161 507 uilo

1852 543 1947 582 suo
1972 528 2293 584 fflictentur.
2320 524 2403 583 Ex
2440 523 2643 600 quibus
2676 528 2826 598 prius
2864 527 3001 583 iliud
3030 529 3161 584 beno

1855 615 2099 662 notatum
2126 615 2205 666 est
2232 608 2287 664 in
2322 607 2379 661 L.
2418 608 2473 662 Ξ.
2504 623 2593 676 pr.
2634 608 2691 664 C.
2714 608 2917 677 quand.
2950 615 3001 664 σε
3022 608 3158 678 quib.

1856 691 2034 757 quart.
2062 689 2230 756 ραι-3.·
2255 684 2365 740 Lib.
2408 685 2497 741 to.
2538 685 2623 740 his
2661 685 2865 740 verbis:
2902 684 3159 742 Naturale

1858 766 2048 820 vitium
2072 771 2155 828 est,
2178 765 2388 834 neyliyi
2403 803 2419 830 ‚
2450 765 2595 834 φιοά
2628 766 2973 819 communitor
2998 767 3161 832 possa·-

1862 843 2042 905 (ἰοίην,
2080 849 2237 913 utque
2264 859 2317 898 se
2341 843 2483 898 nihil
2502 841 2699 898 habere
2715 882 2729 904 ‚
2752 843 2849 914 qm·
2873 847 3035 898 tolum
3056 857 3161 898 nm·

1864 919 2055 976 habeat
2070 961 2085 985 ,
2125 922 2414 977 arbitretur
2434 939 2452 972 :
2490 923 2713 992 deinque
2762 908 2918 977 mavit
2964 935 3163 992 quoquo

1858 1005 2067 1069 partem
2090 1001 2360 1070 corrumpi
2371 1003 2618 1069 patiam·
2634 1039 2647 1062 ,
2674 1002 2802 1056 dum
2824 1000 3165 1056 inmelio-

1860 1092 1959 1132 noe.
1974 1077 2307 1134 Eventurum
2340 1073 2441 1133 hoe
2459 1093 2707 1150 quoque,
2734 1086 2793 1135 ut
2814 1076 2913 1149 qui
2938 1083 3165 1148 exparte

1859 1155 2171 1220 noluissent,
2194 1156 2239 1212 si
2265 1157 2659 1228 essenteupidi
2698 1166 2751 1213 et
2788 1165 3055 1228 potentes,
3092 1156 3167 1212 fa-

1858 1233 1963 1288 cile
1988 1234 2249 1305 majorem
2276 1243 2482 1306 partem
2520 1236 2590 1290 ad
2628 1253 2683 1291 se
2720 1244 3028 1290 avocarent:
3066 1234 3167 1289 im—

1860 1311 2160 1368 becilliores
2190 1321 2433 1383 egerent,
2472 1323 2525 1369 et
2560 1314 3009 1385 opprimerentur.
3046 1311 3169 1367 Sive

1856 1399 2037 1447 autem
2055 1390 2113 1446 in
2129 1392 2289 1447 rebus
2302 1392 2685 1448 communibus
2696 1393 2925 1448 cultum
2938 1407 3065 1446 usus
3078 1407 3171 1446 ne-

1854 1469 2057 1540 glectus
2080 1480 2235 1535 essetz
2258 1469 2367 1526 sive
2392 1471 2521 1535 alii,
2544 1471 2689 1542 quod
2718 1471 2789 1526 ab
2814 1469 2935 1526 aliis
2958 1470 3169 1524 cultum

1854 1556 2001 1614 esset,
2024 1556 2289 1620 praetextu
2310 1549 2709 1604 communionis
2734 1549 3077 1604 invaderent:
3100 1561 3168 1602 ex

1854 1635 2085 1698 utraque
2097 1643 2155 1684 re
2180 1627 2381 1698 pariter
2408 1627 2689 1684 interitum
2704 1625 2967 1683 societatis
2982 1625 3171 1680 hnma-

1854 1721 1937 1762 nae
1948 1699 2099 1777 seq'ui
2114 1705 2693 1778 oportuitlilincenim
2708 1705 2891 1776 inopia
2902 1719 3083 1760 rerum
3098 1703 3169 1759 ad

1853 1785 2020 1840 vitam
2036 1784 2478 1842 necessariarum:
2504 1784 2635 1840 hinc
2648 1783 2867 1841 dissidia
2880 1824 2895 1848 ,
2906 1782 3171 1840 etturhae:

1851 1879 1915 1918 ex
1935 1862 2017 1916 his
2032 1863 2203 1927 bella,
2228 1872 2280 1919 et
2304 1864 2660 1926 eaedeszunde
2682 1861 2957 1932 etgeneris
2980 1861 3173 1916 huma-

1852 1941 1911 1996 ni
1940 1941 2204 1998 interitus.
2227 1938 2563 2012 Quapropter
2578 1951 2691 2012 post
2706 1942 2863 1998 iilam
2876 1939 3165 1996 hominum

1854 2019 2211 2092 frequentiam
2254 2020 2359 2075 snit
2386 2020 2488 2075 hoe
2526 2019 2767 2090 primum
2810 2027 2965 2075 reetae
3004 2017 3171 2073 ratio-

1856 2097 1973 2163 nis,
2009 2108 2061 2155 et
2096 2099 2290 2170 judieii
2318 2115 2481 2170 opus,
2506 2107 2557 2153 et
2593 2099 2678 2152 lex
2714 2099 2857 2155 inter
2896 2095 3177 2156 homines.

1860 2185 1919 2233 ut
1944 2188 2073 2234 esset
2096 2177 2309 2250 aliquid
2344 2193 2503 2234 suum
2542 2177 2831 2249 cujusque,
2868 2175 3013 2248 quod
3054 2174 3071 2249 (
3110 2183 3177 2230 ut

1860 2255 1975 2312 dixi
2003 2255 2019 2328 )
2047 2264 2107 2314 ut
2130 2273 2227 2312 suo
2254 2257 2440 2313 labore
2462 2255 2694 2327 quisque
2720 2255 2942 2315 coleret.
2966 2269 3027 2309 ac
3052 2269 3177 2324 pro-

1858 2349 2095 2390 curaret:
2124 2337 2196 2391 ita
2222 2345 2428 2391 caveret
2450 2333 2583 2396 sibi,
2608 2351 2678 2390 ne
2704 2337 2760 2391 in
2788 2333 2847 2388 id
2872 2331 3015 2388 alius
3050 2329 3175 2402 qui-

1859 2427 2053 2484 squam
2096 2422 2263 2486 posset
2306 2413 2559 2471 invadere
2598 2413 2713 2470 sine
2754 2411 2975 2482 injuria.
3026 2408 3175 2464 Hine

1862 2493 2102 2562 primum
2128 2492 2400 2549 dominia:
2428 2491 2558 2546 hine
2584 2507 2767 2547 rerum
2784 2531 2799 2553 ‚
2824 2499 2877 2547 et
2902 2488 3177 2544 dominio-

1860 2585 1985 2627 rum
2027 2571 2319 2629 distinctio.
2344 2570 2405 2629 L.
2444 2585 2513 2627 ea·
2553 2569 2647 2627 hoc
2679 2574 2835 2643 juro,
2871 2569 2939 2627 D.
2961 2568 3025 2625 do
3042 2569 3181 2637 jur.

1856 2658 1907 2706 et
1938 2652 2060 2720 jur.

1934 2728 2061 2783 xil.
2100 2728 2259 2785 Hanc
2296 2729 2699 2785 distinctionem
2736 2727 3057 2783 commercia
3098 2740 3181 2780 se·

1858 2815 2009 2870 cuta,
2036 2808 2341 2863 necessariae
2366 2808 2435 2864 ad
2464 2809 2629 2863 vitam
2666 2806 2947 2863 colendam
2990 2819 3179 2859 rerum

1857 2885 2272 2957 officiorumque
2321 2886 2781 2942 commutationes.
2824 2884 2965 2940 Nam
3016 2896 3145 2937 cum
3166 2923 3185 2942 .

1860 2964 2118 3021 dominiis
2155 2966 2448 3029 distinctis,
2486 2966 2724 3037 coepisset
2766 2962 2907 3018 alius
2946 2962 3189 3021 habere,

1858 3058 1967 3115 quo
2014 3058 2109 3113 ego
2151 3043 2473 3115 indigerem:
2514 3060 2577 3100 eo
2612 3051 2791 3098 autem
2836 3041 2971 3103 frui,
3010 3040 3189 3095 invito

1858 3121 2112 3185 domino,
2136 3139 2245 3177 non
2278 3138 2508 3194 possem:
2546 3133 2599 3179 et
2638 3120 2869 3176 vicissim
2914 3120 3181 3175 haberem

1862 3200 2003 3271 ipse,
2028 3215 2136 3271 quo
2164 3202 2257 3257 ille
2280 3208 2506 3257 careret:
2534 3216 2737 3257 necesse
2764 3199 2893 3260 fuit,
2919 3198 2963 3253 si
3000 3198 3070 3253 ad
3098 3212 3191 3251 su-

1864 3278 2188 3334 blevandam
2218 3278 2605 3350 indigentiam,
2628 3286 2682 3333 et
2708 3278 2871 3334 vitam
2900 3276 3190 3331 commode

1864 3358 2197 3413 tolerandam
2228 3358 2323 3413 alii
2352 3358 2581 3414 aliorum
2609 3372 2794 3428 opera,
2821 3364 2873 3411 et
2914 3356 3076 3409 rebus
3104 3354 3192 3409 uti

1862 3437 2145 3500 vellemus,
2185 3436 2371 3493 induci
2412 3452 2498 3491 eas
2546 3434 3021 3497 commutationes,
3060 3448 3195 3504 quae

1860 3518 2167 3571 commercia
2184 3558 2198 3579 ,
2224 3527 2277 3571 et
2309 3522 2602 3575 conti-actm
2640 3514 2993 3585 appellamus
3036 3512 3195 3566 Hine

1862 3608 1987 3661 ergo
2012 3603 2318 3667 contractus
2345 3595 2568 3666 recepti,
2592 3592 2784 3653 emtio,
2808 3589 3067 3651 venditio,
3108 3590 3193 3644 lo-

1861 3670 2027 3737 cati0,
2064 3672 2381 3734 conductio,
2420 3674 2663 3733 soeietas.
2703 3670 3045 3732 mandatum,
3094 3668 3196 3722 de-

1864 3750 2123 3821 positum,
2161 3752 2592 3813 commodatum,
2626 3759 2680 3806 et
2716 3748 2934 3804 similes.
2976 3746 3059 3803 Ex
3100 3746 3203 3802 his

1863 3827 2239 3899 obligationes,
2291 3830 2522 3902 exeeptis
2576 3826 2935 3900 quibusdam,
2986 3840 3119 3896 qum
3162 3842 3201 3880 a

1861 3910 1985 3977 jure
2011 3909 2159 3965 civiu
2186 3910 2509 3965 introduetae
2526 3916 2683 3969 sunt,
2708 3906 2777 3961 de
2804 3920 2917 3982 quo
2932 3902 3073 3959 alias
3096 3920 3209 3959 suo

1865 3988 1995 4041 lex-o.
2024 3990 2075 4042 d.
2113 3988 2174 4044 L.
2214 4004 2283 4045 ea:
2323 3988 2417 4042 hoe
2450 3992 2610 4058 jin-e,
2649 3986 2710 4042 de
2744 3985 2877 4053 jvisr.
2902 3991 2951 4039 et
2985 3986 3109 4052 jur.
3140 3982 3208 4055 S..

1856 4070 1951 4139 μ’.»
1993 4072 2164 4123 autem
2202 4070 2474 4137 mutium,
2516 4066 2687 4123 Instit.
2726 4062 2789 4119 de
2823 4065 2942 4133 jur.
2980 4068 3097 4115 nat.

1867 4322 1955 4370 sed
1991 4320 2331 4389 supposititio.
2356 4336 2450 4387 per
2482 4320 2773 4369 discursum
2805 4316 3034 4383 aliquem
3075 4332 3215 4381 pra-

1868 4386 2059 4437 cticum
2085 4390 2280 4438 oritur.
2307 4384 2437 4437 Alb.
2464 4382 2645 4453 Ceut..
2668 4386 2715 4436 3.
2740 4388 2867 4436 lect.
2898 4398 2940 4433 ι.
2964 4383 3061 4447 qui
3100 4381 3219 4431 hoc.

1868 4454 2177 4505 der-warum
2204 4460 2379 4503 vocat.
2606 4472 2615 4483 ·

1929 4518 2038 4585 (13)
2063 4516 2172 4568 Usu
2201 4519 2468 4582 exigente,
2494 4518 2548 4566 in
2576 4510 3067 4588 contractibus,·ubi
3108 4526 3217 4585 ne-

1868 4600 1953 4634 mo
1976 4584 2239 4650 obligatur
2266 4582 2486 4633 invitus:
2526 4582 2927 4633 necessitatibus
2950 4592 3004 4651 ψ
3036 4576 3223 4647 bellis

1868 4650 2215 4715 suscipiendis
2292 4666 2348 4697 ro
2371 4646 2679 4699 defensioue
2700 4686 2716 4709 ,
2760 4655 2815 4697 et
2838 4642 3227 4695 servitutibus

1870 4716 2198 4768 inducendis.
2242 4667 2318 4767 Ilia
2342 4713 2495 4765 Ruiu.
2520 4714 2667 4767 Cors-
2704 4730 2749 4763 i.
2776 4712 2977 4777 ,indag-
3026 4706 3113 4770 14-
